%YAML 1.1
%TAG !u! tag:unity3d.com,2011:
--- !u!1 &188316
GameObject:
  m_ObjectHideFlags: 1
  m_PrefabParentObject: {fileID: 0}
  m_PrefabInternal: {fileID: 100100000}
  serializedVersion: 4
  m_Component:
  - 4: {fileID: 488316}
  - 114: {fileID: 11488318}
  m_Layer: 14
  m_Name: Place-Pestacle-2
  m_TagString: Untagged
  m_Icon: {fileID: 0}
  m_NavMeshLayer: 0
  m_StaticEditorFlags: 0
  m_IsActive: 1
--- !u!1 &188318
GameObject:
  m_ObjectHideFlags: 1
  m_PrefabParentObject: {fileID: 0}
  m_PrefabInternal: {fileID: 100100000}
  serializedVersion: 4
  m_Component:
  - 4: {fileID: 488318}
  - 114: {fileID: 11488320}
  m_Layer: 14
  m_Name: Place-Pestacle-3
  m_TagString: Untagged
  m_Icon: {fileID: 0}
  m_NavMeshLayer: 0
  m_StaticEditorFlags: 0
  m_IsActive: 1
--- !u!1 &188320
GameObject:
  m_ObjectHideFlags: 0
  m_PrefabParentObject: {fileID: 0}
  m_PrefabInternal: {fileID: 100100000}
  serializedVersion: 4
  m_Component:
  - 4: {fileID: 488320}
  - 33: {fileID: 3388330}
  - 65: {fileID: 6588330}
  - 23: {fileID: 2388330}
  m_Layer: 0
  m_Name: Cube
  m_TagString: Untagged
  m_Icon: {fileID: 0}
  m_NavMeshLayer: 0
  m_StaticEditorFlags: 0
  m_IsActive: 1
--- !u!1 &188322
GameObject:
  m_ObjectHideFlags: 0
  m_PrefabParentObject: {fileID: 0}
  m_PrefabInternal: {fileID: 100100000}
  serializedVersion: 4
  m_Component:
  - 4: {fileID: 488322}
  - 135: {fileID: 13588330}
  - 114: {fileID: 11488322}
  - 114: {fileID: 11488324}
  m_Layer: 0
  m_Name: Pestacle
  m_TagString: LifeScene
  m_Icon: {fileID: 0}
  m_NavMeshLayer: 0
  m_StaticEditorFlags: 0
  m_IsActive: 1
--- !u!1 &188324
GameObject:
  m_ObjectHideFlags: 0
  m_PrefabParentObject: {fileID: 0}
  m_PrefabInternal: {fileID: 100100000}
  serializedVersion: 4
  m_Component:
  - 4: {fileID: 488324}
  m_Layer: 0
  m_Name: Places
  m_TagString: Untagged
  m_Icon: {fileID: 0}
  m_NavMeshLayer: 0
  m_StaticEditorFlags: 0
  m_IsActive: 1
--- !u!1 &188326
GameObject:
  m_ObjectHideFlags: 1
  m_PrefabParentObject: {fileID: 0}
  m_PrefabInternal: {fileID: 100100000}
  serializedVersion: 4
  m_Component:
  - 4: {fileID: 488326}
  - 114: {fileID: 11488326}
  m_Layer: 14
  m_Name: Place-Pestacle-1
  m_TagString: Untagged
  m_Icon: {fileID: 0}
  m_NavMeshLayer: 0
  m_StaticEditorFlags: 0
  m_IsActive: 1
--- !u!1 &188328
GameObject:
  m_ObjectHideFlags: 1
  m_PrefabParentObject: {fileID: 0}
  m_PrefabInternal: {fileID: 100100000}
  serializedVersion: 4
  m_Component:
  - 4: {fileID: 488328}
  - 114: {fileID: 11488328}
  m_Layer: 14
  m_Name: Place-Pestacle-5
  m_TagString: Untagged
  m_Icon: {fileID: 0}
  m_NavMeshLayer: 0
  m_StaticEditorFlags: 0
  m_IsActive: 1
--- !u!1 &188330
GameObject:
  m_ObjectHideFlags: 1
  m_PrefabParentObject: {fileID: 0}
  m_PrefabInternal: {fileID: 100100000}
  serializedVersion: 4
  m_Component:
  - 4: {fileID: 488330}
  - 114: {fileID: 11488330}
  m_Layer: 14
  m_Name: Place-Pestacle-4
  m_TagString: Untagged
  m_Icon: {fileID: 0}
  m_NavMeshLayer: 0
  m_StaticEditorFlags: 0
  m_IsActive: 1
--- !u!4 &488316
Transform:
  m_ObjectHideFlags: 1
  m_PrefabParentObject: {fileID: 0}
  m_PrefabInternal: {fileID: 100100000}
  m_GameObject: {fileID: 188316}
  m_LocalRotation: {x: 0, y: .898204982, z: 0, w: .439576954}
  m_LocalPosition: {x: 5.05000019, y: 0, z: -35.0800018}
  m_LocalScale: {x: 1, y: 1, z: 1}
  m_Children: []
  m_Father: {fileID: 488324}
  m_RootOrder: 1
--- !u!4 &488318
Transform:
  m_ObjectHideFlags: 1
  m_PrefabParentObject: {fileID: 0}
  m_PrefabInternal: {fileID: 100100000}
  m_GameObject: {fileID: 188318}
  m_LocalRotation: {x: 0, y: .789457083, z: 0, w: .61380583}
  m_LocalPosition: {x: 3.1099999, y: 0, z: -33.8199997}
  m_LocalScale: {x: 1, y: 1, z: 1}
  m_Children: []
  m_Father: {fileID: 488324}
  m_RootOrder: 2
--- !u!4 &488320
Transform:
  m_ObjectHideFlags: 1
  m_PrefabParentObject: {fileID: 0}
  m_PrefabInternal: {fileID: 100100000}
  m_GameObject: {fileID: 188320}
  m_LocalRotation: {x: 0, y: 0, z: 0, w: 1}
  m_LocalPosition: {x: .360000014, y: -.340000004, z: -5.96999979}
  m_LocalScale: {x: 2.26915932, y: 1, z: 1.9192698}
  m_Children: []
  m_Father: {fileID: 488322}
  m_RootOrder: 0
--- !u!4 &488322
Transform:
  m_ObjectHideFlags: 1
  m_PrefabParentObject: {fileID: 0}
  m_PrefabInternal: {fileID: 100100000}
  m_GameObject: {fileID: 188322}
  m_LocalRotation: {x: 0, y: .707106829, z: 0, w: .707106829}
  m_LocalPosition: {x: -28, y: 0, z: 11.5}
  m_LocalScale: {x: 1, y: 1, z: 1}
  m_Children:
  - {fileID: 488320}
  - {fileID: 488324}
  m_Father: {fileID: 0}
  m_RootOrder: 0
--- !u!4 &488324
Transform:
  m_ObjectHideFlags: 1
  m_PrefabParentObject: {fileID: 0}
  m_PrefabInternal: {fileID: 100100000}
  m_GameObject: {fileID: 188324}
  m_LocalRotation: {x: 0, y: 0, z: 0, w: 1}
  m_LocalPosition: {x: -1.23000002, y: 0, z: 32.9300003}
  m_LocalScale: {x: 1, y: 1, z: 1}
  m_Children:
  - {fileID: 488326}
  - {fileID: 488316}
  - {fileID: 488318}
  - {fileID: 488330}
  - {fileID: 488328}
  m_Father: {fileID: 488322}
  m_RootOrder: 1
--- !u!4 &488326
Transform:
  m_ObjectHideFlags: 1
  m_PrefabParentObject: {fileID: 0}
  m_PrefabInternal: {fileID: 100100000}
  m_GameObject: {fileID: 188326}
  m_LocalRotation: {x: 0, y: .707106829, z: 0, w: .707106829}
  m_LocalPosition: {x: 1.77999997, y: .469999999, z: -38.9000015}
  m_LocalScale: {x: 1, y: 1, z: 1}
  m_Children: []
  m_Father: {fileID: 488324}
  m_RootOrder: 0
--- !u!4 &488328
Transform:
  m_ObjectHideFlags: 1
  m_PrefabParentObject: {fileID: 0}
  m_PrefabInternal: {fileID: 100100000}
  m_GameObject: {fileID: 188328}
  m_LocalRotation: {x: 0, y: .570962071, z: 0, w: .820976436}
  m_LocalPosition: {x: .569999993, y: 0, z: -34.5499992}
  m_LocalScale: {x: 1, y: 1, z: 1}
  m_Children: []
  m_Father: {fileID: 488324}
  m_RootOrder: 4
--- !u!4 &488330
Transform:
  m_ObjectHideFlags: 1
  m_PrefabParentObject: {fileID: 0}
  m_PrefabInternal: {fileID: 100100000}
  m_GameObject: {fileID: 188330}
  m_LocalRotation: {x: 0, y: .155074045, z: 0, w: .98790288}
  m_LocalPosition: {x: -1.88999999, y: 0, z: -36.5800018}
  m_LocalScale: {x: 1, y: 1, z: 1}
  m_Children: []
  m_Father: {fileID: 488324}
  m_RootOrder: 3
--- !u!23 &2388330
Renderer:
  m_ObjectHideFlags: 1
  m_PrefabParentObject: {fileID: 0}
  m_PrefabInternal: {fileID: 100100000}
  m_GameObject: {fileID: 188320}
  m_Enabled: 1
  m_CastShadows: 1
  m_ReceiveShadows: 1
  m_LightmapIndex: 255
  m_LightmapTilingOffset: {x: 1, y: 1, z: 0, w: 0}
  m_Materials:
  - {fileID: 2100000, guid: 01ef0c11f2db6d342a1e597931edee26, type: 2}
  m_SubsetIndices: 
  m_StaticBatchRoot: {fileID: 0}
  m_UseLightProbes: 0
  m_LightProbeAnchor: {fileID: 0}
  m_ScaleInLightmap: 1
  m_SortingLayerID: 0
  m_SortingOrder: 0
--- !u!33 &3388330
MeshFilter:
  m_ObjectHideFlags: 1
  m_PrefabParentObject: {fileID: 0}
  m_PrefabInternal: {fileID: 100100000}
  m_GameObject: {fileID: 188320}
  m_Mesh: {fileID: 10202, guid: 0000000000000000e000000000000000, type: 0}
--- !u!65 &6588330
BoxCollider:
  m_ObjectHideFlags: 1
  m_PrefabParentObject: {fileID: 0}
  m_PrefabInternal: {fileID: 100100000}
  m_GameObject: {fileID: 188320}
  m_Material: {fileID: 0}
  m_IsTrigger: 0
  m_Enabled: 1
  serializedVersion: 2
  m_Size: {x: 1, y: 1, z: 1}
  m_Center: {x: 0, y: 0, z: 0}
--- !u!114 &11488318
MonoBehaviour:
  m_ObjectHideFlags: 1
  m_PrefabParentObject: {fileID: 0}
  m_PrefabInternal: {fileID: 100100000}
  m_GameObject: {fileID: 188316}
  m_Enabled: 1
  m_EditorHideFlags: 0
  m_Script: {fileID: 11500000, guid: 4b17c757897b8ab4ca948ab8bfd6cf7f, type: 3}
  m_Name: 
  m_EditorClassIdentifier: 
  allowedRole: Spectator
--- !u!114 &11488320
MonoBehaviour:
  m_ObjectHideFlags: 1
  m_PrefabParentObject: {fileID: 0}
  m_PrefabInternal: {fileID: 100100000}
  m_GameObject: {fileID: 188318}
  m_Enabled: 1
  m_EditorHideFlags: 0
  m_Script: {fileID: 11500000, guid: 4b17c757897b8ab4ca948ab8bfd6cf7f, type: 3}
  m_Name: 
  m_EditorClassIdentifier: 
  allowedRole: Spectator
--- !u!114 &11488322
MonoBehaviour:
  m_ObjectHideFlags: 1
  m_PrefabParentObject: {fileID: 0}
  m_PrefabInternal: {fileID: 100100000}
  m_GameObject: {fileID: 188322}
  m_Enabled: 1
  m_EditorHideFlags: 0
  m_Script: {fileID: 1944808733, guid: 510e6f1b462e2c54a91d13c52a5f2315, type: 3}
  m_Name: 
  m_EditorClassIdentifier: 
  prototype: LifeScene
  entityKnowledge: {fileID: 0}
  knowledge:
    flat: []
    freeIndexes: 
    copied: 1
--- !u!114 &11488324
MonoBehaviour:
  m_ObjectHideFlags: 1
  m_PrefabParentObject: {fileID: 0}
  m_PrefabInternal: {fileID: 100100000}
  m_GameObject: {fileID: 188322}
  m_Enabled: 1
  m_EditorHideFlags: 0
  m_Script: {fileID: 11500000, guid: 1796e88e8d7ccba4e807d5a090b53727, type: 3}
  m_Name: 
  m_EditorClassIdentifier: 
  LSname: Pestacle
  Priority: 0
  Exit: 0
  Behavior: none
  size: 0
  roleParameters:
    Roles:
    - Juggler
    - Spectator
    RolesType:
    - Lead Actor
    - Actor
    follow: 0001
  behaviorParameters:
    Behaviors:
    - mlv:Pestacle1.bt
    - mlv:Pestacle2.bt
    - mlv:Pestacle3.bt
    - mlv:Pestacteur1.bt
    - mlv:Pestacteur2.bt
    - mlv:Pestacteur3.bt
    - mlv:Pestacteur4.bt
    Roles:
    - Juggler
    - Juggler
    - Juggler
    - Spectator
    - Spectator
    - Spectator
    - Spectator
  triggerParameters:
    type: 0
    conditionsBool: []
    conditionsInt: []
    Places: []
    SO: []
    begining: 20
    behavior: none
    entity: {fileID: 0}
    repetition: 1
    ExcluedRole: none
    repetitionTime: 60
    Place: {fileID: 11488326}
    duration: 16
  stopParameters:
    conditionsBool: []
    conditionsInt: []
    Places: []
    SO: []
    duration: -1
  placeParameters:
    UnityPlaces:
    - {fileID: 11488326}
    - {fileID: 11488318}
    - {fileID: 11488320}
    - {fileID: 11488330}
    - {fileID: 11488328}
    Number: 5
  Formation: 0
  Formations:
    TypeForm: 0
    ConcernedRole: none
    GenerationOfPlace: 0
    PlaceGeneration:
      Position: {fileID: 0}
      PlaceNumber: 0
      Alignment: 0
      LeaderDistance: 0
      AgentDistance: 0
      AgentOrientation: 0
      alignNumber: 0
    UnityPlace: 1
    UnityPlaces: []
    fullBehavior: none
    number: 0
  Placements:
    Formations:
    - TypeForm: 0
      ConcernedRole: Spectator
      GenerationOfPlace: 0
      PlaceGeneration:
        Position: {fileID: 0}
        PlaceNumber: 0
        Alignment: 0
        LeaderDistance: 0
        AgentDistance: 0
        AgentOrientation: 0
        alignNumber: 0
      UnityPlace: 1
      UnityPlaces:
      - {fileID: 11488318}
      - {fileID: 11488320}
      - {fileID: 11488330}
      - {fileID: 11488328}
      fullBehavior: 
      number: 1
    distanceAmbient: 1
  motivationParameters:
    Motivations: []
  entityRolesParameters:
    Entities:
    - {fileID: 0}
    - {fileID: 0}
    - {fileID: 0}
    - {fileID: 0}
    - {fileID: 0}
    - {fileID: 0}
    - {fileID: 0}
    EntitiesAff:
    - {fileID: 0}
    - {fileID: 0}
    - {fileID: 0}
    - {fileID: 0}
    - {fileID: 0}
    - {fileID: 0}
    - {fileID: 0}
    newEntity: {fileID: 0}
    entitySize: 7
    buttonText: Lock Inspector and Select Characters
  Temporary: 0
  timeLine:
    mainTimeline:
      roleName: none
      sequence:
      - interuptible: 0
        loopable: 0
        isRandom: 1
        _kind: 0
        _syncID: e929ebeb-ed6c-4a11-b775-efb9dd0e45cb
        behavior:
          uriBT: 
          interuptible: 0
          loopable: 0
          probability: 1
        behaviors: []
      - interuptible: 0
        loopable: 0
        isRandom: 1
        _kind: 3
        _syncID: 
        behavior:
          uriBT: 
          interuptible: 0
          loopable: 0
          probability: 1
        behaviors: []
      - interuptible: 0
        loopable: 0
        isRandom: 1
        _kind: 0
        _syncID: 3bd45f4a-88d1-46a6-9786-47638b2604e2
        behavior:
          uriBT: 
          interuptible: 0
          loopable: 0
          probability: 1
        behaviors: []
      - interuptible: 0
        loopable: 0
        isRandom: 1
        _kind: 3
        _syncID: 
        behavior:
          uriBT: 
          interuptible: 0
          loopable: 0
          probability: 1
        behaviors: []
      - interuptible: 0
        loopable: 0
        isRandom: 1
        _kind: 0
        _syncID: 65c264f7-2082-4faf-aac6-41c28d57c60a
        behavior:
          uriBT: 
          interuptible: 0
          loopable: 0
          probability: 1
        behaviors: []
      - interuptible: 0
        loopable: 0
        isRandom: 1
        _kind: 3
        _syncID: 
        behavior:
          uriBT: 
          interuptible: 0
          loopable: 0
          probability: 1
        behaviors: []
      - interuptible: 0
        loopable: 0
        isRandom: 1
        _kind: 0
        _syncID: c13a4642-3e98-4d83-9c63-23b5f99110d2
        behavior:
          uriBT: 
          interuptible: 0
          loopable: 0
          probability: 1
        behaviors: []
    timeLineForRoles:
    - roleName: Juggler
      sequence:
      - interuptible: 0
        loopable: 0
        isRandom: 1
        _kind: 0
        _syncID: e929ebeb-ed6c-4a11-b775-efb9dd0e45cb
        behavior:
          uriBT: 
          interuptible: 0
          loopable: 0
          probability: 1
        behaviors: []
      - interuptible: 0
        loopable: 0
        isRandom: 1
        _kind: 1
        _syncID: 
        behavior:
          uriBT: mlv:Pestacle1.bt
          interuptible: 0
          loopable: 0
          probability: 1
        behaviors: []
      - interuptible: 0
        loopable: 0
        isRandom: 1
        _kind: 0
        _syncID: 3bd45f4a-88d1-46a6-9786-47638b2604e2
        behavior:
          uriBT: 
          interuptible: 0
          loopable: 0
          probability: 1
        behaviors: []
      - interuptible: 0
        loopable: 0
        isRandom: 1
        _kind: 1
        _syncID: 
        behavior:
          uriBT: mlv:Pestacle2.bt
          interuptible: 0
          loopable: 0
          probability: 1
        behaviors: []
      - interuptible: 0
        loopable: 0
        isRandom: 1
        _kind: 0
        _syncID: 65c264f7-2082-4faf-aac6-41c28d57c60a
        behavior:
          uriBT: 
          interuptible: 0
          loopable: 0
          probability: 1
        behaviors: []
      - interuptible: 0
        loopable: 0
        isRandom: 1
        _kind: 1
        _syncID: 
        behavior:
          uriBT: mlv:Pestacle3.bt
          interuptible: 0
          loopable: 0
          probability: 1
        behaviors: []
      - interuptible: 0
        loopable: 0
        isRandom: 1
        _kind: 0
        _syncID: c13a4642-3e98-4d83-9c63-23b5f99110d2
        behavior:
          uriBT: 
          interuptible: 0
          loopable: 0
          probability: 1
        behaviors: []
    - roleName: Spectator
      sequence:
      - interuptible: 0
        loopable: 0
        isRandom: 1
        _kind: 0
        _syncID: e929ebeb-ed6c-4a11-b775-efb9dd0e45cb
        behavior:
          uriBT: 
          interuptible: 0
          loopable: 0
          probability: 1
        behaviors: []
      - interuptible: 0
        loopable: 0
        isRandom: 1
        _kind: 1
        _syncID: 
        behavior:
          uriBT: mlv:Pestacteur1.bt
          interuptible: 0
          loopable: 0
          probability: 1
        behaviors: []
      - interuptible: 0
        loopable: 0
        isRandom: 1
        _kind: 0
        _syncID: 3bd45f4a-88d1-46a6-9786-47638b2604e2
        behavior:
          uriBT: 
          interuptible: 0
          loopable: 0
          probability: 1
        behaviors: []
      - interuptible: 0
        loopable: 0
        isRandom: 1
        _kind: 1
        _syncID: 
        behavior:
          uriBT: mlv:Pestacteur2.bt
          interuptible: 0
          loopable: 0
          probability: 1
        behaviors: []
      - interuptible: 0
        loopable: 0
        isRandom: 1
        _kind: 0
        _syncID: 65c264f7-2082-4faf-aac6-41c28d57c60a
        behavior:
          uriBT: 
          interuptible: 0
          loopable: 0
          probability: 1
        behaviors: []
      - interuptible: 0
        loopable: 0
        isRandom: 0
        _kind: 2
        _syncID: 
        behavior:
          uriBT: mlv:Pestactor3.bt
          interuptible: 0
          loopable: 0
          probability: 1
        behaviors:
        - uriBT: mlv:Pestacteur3.bt
          interuptible: 0
          loopable: 0
          probability: .800000012
        - uriBT: mlv:Pestacteur4.bt
          interuptible: 0
          loopable: 0
          probability: .200000003
      - interuptible: 0
        loopable: 0
        isRandom: 1
        _kind: 0
        _syncID: c13a4642-3e98-4d83-9c63-23b5f99110d2
        behavior:
          uriBT: 
          interuptible: 0
          loopable: 0
          probability: 1
        behaviors: []
--- !u!114 &11488326
MonoBehaviour:
  m_ObjectHideFlags: 1
  m_PrefabParentObject: {fileID: 0}
  m_PrefabInternal: {fileID: 100100000}
  m_GameObject: {fileID: 188326}
  m_Enabled: 1
  m_EditorHideFlags: 0
  m_Script: {fileID: 11500000, guid: 4b17c757897b8ab4ca948ab8bfd6cf7f, type: 3}
  m_Name: 
  m_EditorClassIdentifier: 
  allowedRole: Juggler
--- !u!114 &11488328
MonoBehaviour:
  m_ObjectHideFlags: 1
  m_PrefabParentObject: {fileID: 0}
  m_PrefabInternal: {fileID: 100100000}
  m_GameObject: {fileID: 188328}
  m_Enabled: 1
  m_EditorHideFlags: 0
  m_Script: {fileID: 11500000, guid: 4b17c757897b8ab4ca948ab8bfd6cf7f, type: 3}
  m_Name: 
  m_EditorClassIdentifier: 
  allowedRole: Spectator
--- !u!114 &11488330
MonoBehaviour:
  m_ObjectHideFlags: 1
  m_PrefabParentObject: {fileID: 0}
  m_PrefabInternal: {fileID: 100100000}
  m_GameObject: {fileID: 188330}
  m_Enabled: 1
  m_EditorHideFlags: 0
  m_Script: {fileID: 11500000, guid: 4b17c757897b8ab4ca948ab8bfd6cf7f, type: 3}
  m_Name: 
  m_EditorClassIdentifier: 
  allowedRole: Spectator
--- !u!135 &13588330
SphereCollider:
  m_ObjectHideFlags: 1
  m_PrefabParentObject: {fileID: 0}
  m_PrefabInternal: {fileID: 100100000}
  m_GameObject: {fileID: 188322}
  m_Material: {fileID: 0}
  m_IsTrigger: 1
  m_Enabled: 1
  serializedVersion: 2
  m_Radius: 14.371212
  m_Center: {x: 0, y: 0, z: 0}
--- !u!1001 &100100000
Prefab:
  m_ObjectHideFlags: 1
  serializedVersion: 2
  m_Modification:
    m_TransformParent: {fileID: 0}
    m_Modifications: []
    m_RemovedComponents: []
  m_ParentPrefab: {fileID: 0}
  m_RootGameObject: {fileID: 188322}
  m_IsPrefabParent: 1
  m_IsExploded: 1
