%YAML 1.1
%TAG !u! tag:unity3d.com,2011:
--- !u!1 &177966
GameObject:
  m_ObjectHideFlags: 1
  m_PrefabParentObject: {fileID: 0}
  m_PrefabInternal: {fileID: 100100000}
  serializedVersion: 4
  m_Component:
  - 4: {fileID: 477966}
  - 114: {fileID: 11477966}
  m_Layer: 14
  m_Name: Place-StandJournaux2-4
  m_TagString: Untagged
  m_Icon: {fileID: 0}
  m_NavMeshLayer: 0
  m_StaticEditorFlags: 0
  m_IsActive: 1
--- !u!1 &177968
GameObject:
  m_ObjectHideFlags: 0
  m_PrefabParentObject: {fileID: 0}
  m_PrefabInternal: {fileID: 100100000}
  serializedVersion: 4
  m_Component:
  - 224: {fileID: 22477966}
  - 114: {fileID: 11477970}
  - 114: {fileID: 11477968}
  - 135: {fileID: 13577966}
  m_Layer: 0
  m_Name: StandJournaux2
  m_TagString: LifeScene
  m_Icon: {fileID: 0}
  m_NavMeshLayer: 0
  m_StaticEditorFlags: 0
  m_IsActive: 1
--- !u!1 &177970
GameObject:
  m_ObjectHideFlags: 1
  m_PrefabParentObject: {fileID: 0}
  m_PrefabInternal: {fileID: 100100000}
  serializedVersion: 4
  m_Component:
  - 4: {fileID: 477968}
  - 114: {fileID: 11477972}
  m_Layer: 14
  m_Name: Place-StandJournaux2-5
  m_TagString: Untagged
  m_Icon: {fileID: 0}
  m_NavMeshLayer: 0
  m_StaticEditorFlags: 0
  m_IsActive: 1
--- !u!1 &177972
GameObject:
  m_ObjectHideFlags: 0
  m_PrefabParentObject: {fileID: 0}
  m_PrefabInternal: {fileID: 100100000}
  serializedVersion: 4
  m_Component:
  - 4: {fileID: 477970}
  m_Layer: 0
  m_Name: Places
  m_TagString: Untagged
  m_Icon: {fileID: 0}
  m_NavMeshLayer: 0
  m_StaticEditorFlags: 0
  m_IsActive: 1
--- !u!1 &177974
GameObject:
  m_ObjectHideFlags: 1
  m_PrefabParentObject: {fileID: 0}
  m_PrefabInternal: {fileID: 100100000}
  serializedVersion: 4
  m_Component:
  - 4: {fileID: 477972}
  - 114: {fileID: 11477974}
  m_Layer: 14
  m_Name: Place-StandJournaux2-3
  m_TagString: Untagged
  m_Icon: {fileID: 0}
  m_NavMeshLayer: 0
  m_StaticEditorFlags: 0
  m_IsActive: 1
--- !u!1 &177976
GameObject:
  m_ObjectHideFlags: 0
  m_PrefabParentObject: {fileID: 0}
  m_PrefabInternal: {fileID: 100100000}
  serializedVersion: 4
  m_Component:
  - 4: {fileID: 477974}
  - 33: {fileID: 3377966}
  - 65: {fileID: 6577966}
  - 23: {fileID: 2377966}
  m_Layer: 0
  m_Name: Cube
  m_TagString: Untagged
  m_Icon: {fileID: 0}
  m_NavMeshLayer: 0
  m_StaticEditorFlags: 0
  m_IsActive: 1
--- !u!1 &177978
GameObject:
  m_ObjectHideFlags: 1
  m_PrefabParentObject: {fileID: 0}
  m_PrefabInternal: {fileID: 100100000}
  serializedVersion: 4
  m_Component:
  - 4: {fileID: 477976}
  - 114: {fileID: 11477976}
  m_Layer: 14
  m_Name: Place-StandJournaux-2
  m_TagString: Untagged
  m_Icon: {fileID: 0}
  m_NavMeshLayer: 0
  m_StaticEditorFlags: 0
  m_IsActive: 1
--- !u!4 &477966
Transform:
  m_ObjectHideFlags: 1
  m_PrefabParentObject: {fileID: 0}
  m_PrefabInternal: {fileID: 100100000}
  m_GameObject: {fileID: 177966}
  m_LocalRotation: {x: 0, y: .817866623, z: 0, w: .575407982}
  m_LocalPosition: {x: -5.63000011, y: 0, z: 2.1400001}
  m_LocalScale: {x: 1, y: 1, z: 1}
  m_Children: []
  m_Father: {fileID: 477970}
  m_RootOrder: 2
--- !u!4 &477968
Transform:
  m_ObjectHideFlags: 1
  m_PrefabParentObject: {fileID: 0}
  m_PrefabInternal: {fileID: 100100000}
  m_GameObject: {fileID: 177970}
  m_LocalRotation: {x: 0, y: .707106829, z: 0, w: .707106829}
  m_LocalPosition: {x: -5.55999994, y: 0, z: 4.07999992}
  m_LocalScale: {x: 1, y: 1, z: 1}
  m_Children: []
  m_Father: {fileID: 477970}
  m_RootOrder: 3
--- !u!4 &477970
Transform:
  m_ObjectHideFlags: 1
  m_PrefabParentObject: {fileID: 0}
  m_PrefabInternal: {fileID: 100100000}
  m_GameObject: {fileID: 177972}
  m_LocalRotation: {x: 0, y: -.707106829, z: 0, w: .707106829}
  m_LocalPosition: {x: -.400001466, y: 0, z: 11.9100008}
  m_LocalScale: {x: .999999762, y: 1, z: .999999762}
  m_Children:
  - {fileID: 477976}
  - {fileID: 477972}
  - {fileID: 477966}
  - {fileID: 477968}
  m_Father: {fileID: 22477966}
  m_RootOrder: 1
--- !u!4 &477972
Transform:
  m_ObjectHideFlags: 1
  m_PrefabParentObject: {fileID: 0}
  m_PrefabInternal: {fileID: 100100000}
  m_GameObject: {fileID: 177974}
  m_LocalRotation: {x: 0, y: -.853570223, z: 0, w: .520977855}
  m_LocalPosition: {x: -6.98999977, y: 0, z: .629999995}
  m_LocalScale: {x: 1, y: 1, z: 1}
  m_Children: []
  m_Father: {fileID: 477970}
  m_RootOrder: 1
--- !u!4 &477974
Transform:
  m_ObjectHideFlags: 1
  m_PrefabParentObject: {fileID: 0}
  m_PrefabInternal: {fileID: 100100000}
  m_GameObject: {fileID: 177976}
  m_LocalRotation: {x: 0, y: 0, z: 0, w: 1}
  m_LocalPosition: {x: 0, y: 1.21000004, z: 0}
  m_LocalScale: {x: 2.98210573, y: 2.99659014, z: 2.3432653}
  m_Children: []
  m_Father: {fileID: 22477966}
  m_RootOrder: 0
--- !u!4 &477976
Transform:
  m_ObjectHideFlags: 1
  m_PrefabParentObject: {fileID: 0}
  m_PrefabInternal: {fileID: 100100000}
  m_GameObject: {fileID: 177978}
  m_LocalRotation: {x: 0, y: -.707106829, z: 0, w: .707106829}
  m_LocalPosition: {x: -8.97999954, y: 0, z: -.400000006}
  m_LocalScale: {x: 1, y: 1, z: 1}
  m_Children: []
  m_Father: {fileID: 477970}
  m_RootOrder: 0
--- !u!23 &2377966
Renderer:
  m_ObjectHideFlags: 1
  m_PrefabParentObject: {fileID: 0}
  m_PrefabInternal: {fileID: 100100000}
  m_GameObject: {fileID: 177976}
  m_Enabled: 1
  m_CastShadows: 1
  m_ReceiveShadows: 1
  m_LightmapIndex: 255
  m_LightmapTilingOffset: {x: 1, y: 1, z: 0, w: 0}
  m_Materials:
  - {fileID: 2100000, guid: 0f8579d0c25b2c14c8741c7fd7257756, type: 2}
  m_SubsetIndices: 
  m_StaticBatchRoot: {fileID: 0}
  m_UseLightProbes: 0
  m_LightProbeAnchor: {fileID: 0}
  m_ScaleInLightmap: 1
  m_SortingLayerID: 0
  m_SortingOrder: 0
--- !u!33 &3377966
MeshFilter:
  m_ObjectHideFlags: 1
  m_PrefabParentObject: {fileID: 0}
  m_PrefabInternal: {fileID: 100100000}
  m_GameObject: {fileID: 177976}
  m_Mesh: {fileID: 10202, guid: 0000000000000000e000000000000000, type: 0}
--- !u!65 &6577966
BoxCollider:
  m_ObjectHideFlags: 1
  m_PrefabParentObject: {fileID: 0}
  m_PrefabInternal: {fileID: 100100000}
  m_GameObject: {fileID: 177976}
  m_Material: {fileID: 0}
  m_IsTrigger: 0
  m_Enabled: 1
  serializedVersion: 2
  m_Size: {x: 1, y: 1, z: 1}
  m_Center: {x: 0, y: 0, z: 0}
--- !u!114 &11477966
MonoBehaviour:
  m_ObjectHideFlags: 1
  m_PrefabParentObject: {fileID: 0}
  m_PrefabInternal: {fileID: 100100000}
  m_GameObject: {fileID: 177966}
  m_Enabled: 1
  m_EditorHideFlags: 0
  m_Script: {fileID: 11500000, guid: 4b17c757897b8ab4ca948ab8bfd6cf7f, type: 3}
  m_Name: 
  m_EditorClassIdentifier: 
  allowedRole: Default
--- !u!114 &11477968
MonoBehaviour:
  m_ObjectHideFlags: 1
  m_PrefabParentObject: {fileID: 0}
  m_PrefabInternal: {fileID: 100100000}
  m_GameObject: {fileID: 177968}
  m_Enabled: 1
  m_EditorHideFlags: 0
  m_Script: {fileID: 11500000, guid: 1796e88e8d7ccba4e807d5a090b53727, type: 3}
  m_Name: 
  m_EditorClassIdentifier: 
  LSname: StandJournaux2
  Priority: 0
  Exit: 0
  Behavior: none
  size: 0
  roleParameters:
    Roles:
    - Default
    RolesType:
    - Ambient
    follow: 00
  behaviorParameters:
    Behaviors:
    - mlv:Journal.bt
    Roles:
    - Default
  triggerParameters:
    type: 0
    conditionsBool: []
    conditionsInt: []
    Places: []
    SO: []
    begining: 0
    behavior: none
    entity: {fileID: 0}
    repetition: 0
    ExcluedRole: none
    repetitionTime: 0
    Place: {fileID: 0}
    duration: -1
  stopParameters:
    conditionsBool: []
    conditionsInt: []
    Places: []
    SO: []
    duration: -1
  placeParameters:
    UnityPlaces:
    - {fileID: 11477976}
    - {fileID: 11477974}
    - {fileID: 11477966}
    - {fileID: 11477972}
    Number: 5
  Formation: 0
  Formations:
    TypeForm: 0
    ConcernedRole: none
    GenerationOfPlace: 0
    PlaceGeneration:
      Position: {fileID: 0}
      PlaceNumber: 0
      Alignment: 0
      LeaderDistance: 0
      AgentDistance: 0
      AgentOrientation: 0
      alignNumber: 0
    UnityPlace: 1
    UnityPlaces: []
    fullBehavior: none
    number: 0
  Placements:
    Formations:
    - TypeForm: 1
      ConcernedRole: Default
      GenerationOfPlace: 0
      PlaceGeneration:
        Position: {fileID: 0}
        PlaceNumber: 0
        Alignment: 0
        LeaderDistance: 0
        AgentDistance: 0
        AgentOrientation: 0
        alignNumber: 0
      UnityPlace: 1
      UnityPlaces:
      - {fileID: 11477976}
      - {fileID: 11477974}
      - {fileID: 11477966}
      - {fileID: 11477972}
      fullBehavior: 
      number: 1
    distanceAmbient: 1
  motivationParameters:
    Motivations: []
  entityRolesParameters:
    Entities:
    - {fileID: 0}
    EntitiesAff:
    - {fileID: 0}
    newEntity: {fileID: 0}
    entitySize: 1
    buttonText: Lock Inspector and Select Characters
  Temporary: 0
  timeLine:
    mainTimeline:
      roleName: none
      sequence:
      - interuptible: 0
        loopable: 0
        isRandom: 1
        _kind: 0
        _syncID: 88da49ee-7090-4f13-9584-5841ca40c964
        behavior:
          uriBT: 
          interuptible: 0
          loopable: 0
          probability: 1
        behaviors: []
      - interuptible: 0
        loopable: 0
        isRandom: 1
        _kind: 3
        _syncID: 
        behavior:
          uriBT: 
          interuptible: 0
          loopable: 0
          probability: 1
        behaviors: []
      - interuptible: 0
        loopable: 0
        isRandom: 1
        _kind: 0
        _syncID: c0db1fd5-6dc1-4446-b04a-f9c9505e11f8
        behavior:
          uriBT: 
          interuptible: 0
          loopable: 0
          probability: 1
        behaviors: []
    timeLineForRoles:
    - roleName: Default
      sequence:
      - interuptible: 0
        loopable: 0
        isRandom: 1
        _kind: 0
        _syncID: 88da49ee-7090-4f13-9584-5841ca40c964
        behavior:
          uriBT: 
          interuptible: 0
          loopable: 0
          probability: 1
        behaviors: []
      - interuptible: 0
        loopable: 0
        isRandom: 1
        _kind: 1
        _syncID: 
        behavior:
          uriBT: mlv:Journal.bt
          interuptible: 0
          loopable: 0
          probability: 1
        behaviors: []
      - interuptible: 0
        loopable: 0
        isRandom: 1
        _kind: 0
        _syncID: c0db1fd5-6dc1-4446-b04a-f9c9505e11f8
        behavior:
          uriBT: 
          interuptible: 0
          loopable: 0
          probability: 1
        behaviors: []
--- !u!114 &11477970
MonoBehaviour:
  m_ObjectHideFlags: 1
  m_PrefabParentObject: {fileID: 0}
  m_PrefabInternal: {fileID: 100100000}
  m_GameObject: {fileID: 177968}
  m_Enabled: 1
  m_EditorHideFlags: 0
  m_Script: {fileID: 1944808733, guid: 510e6f1b462e2c54a91d13c52a5f2315, type: 3}
  m_Name: 
  m_EditorClassIdentifier: 
  prototype: LifeScene
  entityKnowledge: {fileID: 0}
  knowledge:
    flat: []
    freeIndexes: 
    copied: 1
--- !u!114 &11477972
MonoBehaviour:
  m_ObjectHideFlags: 1
  m_PrefabParentObject: {fileID: 0}
  m_PrefabInternal: {fileID: 100100000}
  m_GameObject: {fileID: 177970}
  m_Enabled: 1
  m_EditorHideFlags: 0
  m_Script: {fileID: 11500000, guid: 4b17c757897b8ab4ca948ab8bfd6cf7f, type: 3}
  m_Name: 
  m_EditorClassIdentifier: 
  allowedRole: Default
--- !u!114 &11477974
MonoBehaviour:
  m_ObjectHideFlags: 1
  m_PrefabParentObject: {fileID: 0}
  m_PrefabInternal: {fileID: 100100000}
  m_GameObject: {fileID: 177974}
  m_Enabled: 1
  m_EditorHideFlags: 0
  m_Script: {fileID: 11500000, guid: 4b17c757897b8ab4ca948ab8bfd6cf7f, type: 3}
  m_Name: 
  m_EditorClassIdentifier: 
  allowedRole: Default
--- !u!114 &11477976
MonoBehaviour:
  m_ObjectHideFlags: 1
  m_PrefabParentObject: {fileID: 0}
  m_PrefabInternal: {fileID: 100100000}
  m_GameObject: {fileID: 177978}
  m_Enabled: 1
  m_EditorHideFlags: 0
  m_Script: {fileID: 11500000, guid: 4b17c757897b8ab4ca948ab8bfd6cf7f, type: 3}
  m_Name: 
  m_EditorClassIdentifier: 
  allowedRole: Ambient
--- !u!135 &13577966
SphereCollider:
  m_ObjectHideFlags: 1
  m_PrefabParentObject: {fileID: 0}
  m_PrefabInternal: {fileID: 100100000}
  m_GameObject: {fileID: 177968}
  m_Material: {fileID: 0}
  m_IsTrigger: 1
  m_Enabled: 1
  serializedVersion: 2
  m_Radius: 5.91593933
  m_Center: {x: 0, y: 0, z: 0}
--- !u!224 &22477966
RectTransform:
  m_ObjectHideFlags: 1
  m_PrefabParentObject: {fileID: 0}
  m_PrefabInternal: {fileID: 100100000}
  m_GameObject: {fileID: 177968}
  m_LocalRotation: {x: 0, y: 1, z: 0, w: -4.37113883e-08}
  m_LocalPosition: {x: 0, y: 0, z: 41.5}
  m_LocalScale: {x: 1, y: 1, z: 1}
  m_Children:
  - {fileID: 477974}
  - {fileID: 477970}
  m_Father: {fileID: 0}
  m_RootOrder: 0
  m_AnchorMin: {x: .5, y: .5}
  m_AnchorMax: {x: .5, y: .5}
  m_AnchoredPosition: {x: -28.2000008, y: 0}
  m_SizeDelta: {x: 100, y: 100}
  m_Pivot: {x: .5, y: .5}
--- !u!1001 &100100000
Prefab:
  m_ObjectHideFlags: 1
  serializedVersion: 2
  m_Modification:
    m_TransformParent: {fileID: 0}
    m_Modifications: []
    m_RemovedComponents: []
  m_ParentPrefab: {fileID: 0}
  m_RootGameObject: {fileID: 177968}
  m_IsPrefabParent: 1
  m_IsExploded: 1
