%YAML 1.1
%TAG !u! tag:unity3d.com,2011:
--- !u!91 &9100000
AnimatorController:
  m_ObjectHideFlags: 0
  m_PrefabParentObject: {fileID: 0}
  m_PrefabInternal: {fileID: 0}
  m_Name: pnj_animator_controller
  serializedVersion: 2
  m_AnimatorParameters:
  - m_Name: MarcheFiere
    m_Type: 9
    m_DefaultFloat: 0
    m_DefaultInt: 0
    m_DefaultBool: 0
    m_Controller: {fileID: 9100000}
  - m_Name: Sautille
    m_Type: 9
    m_DefaultFloat: 0
    m_DefaultInt: 0
    m_DefaultBool: 0
    m_Controller: {fileID: 9100000}
  - m_Name: Danse
    m_Type: 9
    m_DefaultFloat: 0
    m_DefaultInt: 0
    m_DefaultBool: 0
    m_Controller: {fileID: 9100000}
  - m_Name: Marche
    m_Type: 9
    m_DefaultFloat: 0
    m_DefaultInt: 0
    m_DefaultBool: 0
    m_Controller: {fileID: 9100000}
  - m_Name: Errance
    m_Type: 9
    m_DefaultFloat: 0
    m_DefaultInt: 0
    m_DefaultBool: 0
    m_Controller: {fileID: 9100000}
  - m_Name: Satisfait
    m_Type: 9
    m_DefaultFloat: 0
    m_DefaultInt: 0
    m_DefaultBool: 0
    m_Controller: {fileID: 9100000}
  - m_Name: Complete
    m_Type: 9
    m_DefaultFloat: 0
    m_DefaultInt: 0
    m_DefaultBool: 0
    m_Controller: {fileID: 9100000}
  - m_Name: MontreDeux
    m_Type: 9
    m_DefaultFloat: 0
    m_DefaultInt: 0
    m_DefaultBool: 0
    m_Controller: {fileID: 9100000}
  - m_Name: CriErrance
    m_Type: 9
    m_DefaultFloat: 0
    m_DefaultInt: 0
    m_DefaultBool: 0
    m_Controller: {fileID: 9100000}
  m_AnimatorLayers:
  - serializedVersion: 3
    m_Name: Base Layer
    m_StateMachine: {fileID: 110709540}
    m_Mask: {fileID: 0}
    m_BlendingMode: 0
    m_SyncedLayerIndex: -1
    m_StateMachineMotionSetIndex: 0
    m_DefaultWeight: 0
    m_IKPass: 0
    m_SyncedLayerAffectsTiming: 0
    m_Controller: {fileID: 9100000}
--- !u!1101 &110102264
Transition:
  serializedVersion: 2
  m_ObjectHideFlags: 3
  m_PrefabParentObject: {fileID: 0}
  m_PrefabInternal: {fileID: 0}
  m_Name: 
  m_SrcState: {fileID: 0}
  m_DstState: {fileID: 110246662}
  m_TransitionDuration: .100000001
  m_TransitionOffset: 0
  m_Conditions:
  - m_ConditionMode: 1
    m_ConditionEvent: Marche
    m_EventTreshold: 0
    m_ExitTime: .899999976
  m_Atomic: 1
  m_Solo: 0
  m_Mute: 0
  m_CanTransitionToSelf: 0
--- !u!1101 &110105930
Transition:
  serializedVersion: 2
  m_ObjectHideFlags: 3
  m_PrefabParentObject: {fileID: 0}
  m_PrefabInternal: {fileID: 0}
  m_Name: 
  m_SrcState: {fileID: 0}
  m_DstState: {fileID: 110278382}
  m_TransitionDuration: .100000001
  m_TransitionOffset: 0
  m_Conditions:
  - m_ConditionMode: 1
    m_ConditionEvent: Sautille
    m_EventTreshold: 0
    m_ExitTime: .899999976
  m_Atomic: 1
  m_Solo: 0
  m_Mute: 0
  m_CanTransitionToSelf: 0
--- !u!1101 &110111262
Transition:
  serializedVersion: 2
  m_ObjectHideFlags: 3
  m_PrefabParentObject: {fileID: 0}
  m_PrefabInternal: {fileID: 0}
  m_Name: 
  m_SrcState: {fileID: 0}
  m_DstState: {fileID: 110293034}
  m_TransitionDuration: .100000001
  m_TransitionOffset: 0
  m_Conditions:
  - m_ConditionMode: 1
    m_ConditionEvent: Complete
    m_EventTreshold: 0
    m_ExitTime: .899999976
  m_Atomic: 1
  m_Solo: 0
  m_Mute: 0
  m_CanTransitionToSelf: 0
--- !u!1101 &110117120
Transition:
  serializedVersion: 2
  m_ObjectHideFlags: 3
  m_PrefabParentObject: {fileID: 0}
  m_PrefabInternal: {fileID: 0}
  m_Name: 
  m_SrcState: {fileID: 110275328}
  m_DstState: {fileID: 110285782}
  m_TransitionDuration: 0
  m_TransitionOffset: 0
  m_Conditions:
  - m_ConditionMode: 1
    m_ConditionEvent: CriErrance
    m_EventTreshold: 0
    m_ExitTime: .8125
  m_Atomic: 1
  m_Solo: 0
  m_Mute: 0
  m_CanTransitionToSelf: 0
--- !u!1101 &110117562
Transition:
  serializedVersion: 2
  m_ObjectHideFlags: 3
  m_PrefabParentObject: {fileID: 0}
  m_PrefabInternal: {fileID: 0}
  m_Name: 
  m_SrcState: {fileID: 110293034}
  m_DstState: {fileID: 110264198}
  m_TransitionDuration: 0
  m_TransitionOffset: 0
  m_Conditions:
  - m_ConditionMode: 5
    m_ConditionEvent: MontreDeux
    m_EventTreshold: 0
    m_ExitTime: .986298442
  m_Atomic: 1
  m_Solo: 0
  m_Mute: 0
  m_CanTransitionToSelf: 0
--- !u!1101 &110133726
Transition:
  serializedVersion: 2
  m_ObjectHideFlags: 3
  m_PrefabParentObject: {fileID: 0}
  m_PrefabInternal: {fileID: 0}
  m_Name: 
  m_SrcState: {fileID: 110285782}
  m_DstState: {fileID: 110275328}
  m_TransitionDuration: .187499911
  m_TransitionOffset: 0
  m_Conditions:
  - m_ConditionMode: 5
    m_ConditionEvent: 
    m_EventTreshold: 0
    m_ExitTime: .812500119
  m_Atomic: 1
  m_Solo: 0
  m_Mute: 0
  m_CanTransitionToSelf: 0
--- !u!1101 &110145802
Transition:
  serializedVersion: 2
  m_ObjectHideFlags: 3
  m_PrefabParentObject: {fileID: 0}
  m_PrefabInternal: {fileID: 0}
  m_Name: 
  m_SrcState: {fileID: 0}
  m_DstState: {fileID: 110238794}
  m_TransitionDuration: .100000001
  m_TransitionOffset: 0
  m_Conditions:
  - m_ConditionMode: 1
    m_ConditionEvent: Satisfait
    m_EventTreshold: 0
    m_ExitTime: .899999976
  m_Atomic: 1
  m_Solo: 0
  m_Mute: 0
  m_CanTransitionToSelf: 0
--- !u!1101 &110148730
Transition:
  serializedVersion: 2
  m_ObjectHideFlags: 3
  m_PrefabParentObject: {fileID: 0}
  m_PrefabInternal: {fileID: 0}
  m_Name: 
  m_SrcState: {fileID: 0}
  m_DstState: {fileID: 110275328}
  m_TransitionDuration: .100000001
  m_TransitionOffset: 0
  m_Conditions:
  - m_ConditionMode: 1
    m_ConditionEvent: Errance
    m_EventTreshold: 0
    m_ExitTime: .899999976
  m_Atomic: 1
  m_Solo: 0
  m_Mute: 0
  m_CanTransitionToSelf: 0
--- !u!1101 &110152820
Transition:
  serializedVersion: 2
  m_ObjectHideFlags: 3
  m_PrefabParentObject: {fileID: 0}
  m_PrefabInternal: {fileID: 0}
  m_Name: 
  m_SrcState: {fileID: 0}
  m_DstState: {fileID: 110214856}
  m_TransitionDuration: .100000001
  m_TransitionOffset: 0
  m_Conditions:
  - m_ConditionMode: 1
    m_ConditionEvent: MarcheFiere
    m_EventTreshold: 0
    m_ExitTime: .899999976
  m_Atomic: 1
  m_Solo: 0
  m_Mute: 0
  m_CanTransitionToSelf: 0
--- !u!1101 &110159978
Transition:
  serializedVersion: 2
  m_ObjectHideFlags: 3
  m_PrefabParentObject: {fileID: 0}
  m_PrefabInternal: {fileID: 0}
  m_Name: 
  m_SrcState: {fileID: 0}
  m_DstState: {fileID: 110205256}
  m_TransitionDuration: .100000001
  m_TransitionOffset: 0
  m_Conditions:
  - m_ConditionMode: 1
    m_ConditionEvent: Danse
    m_EventTreshold: 0
    m_ExitTime: .899999976
  m_Atomic: 1
  m_Solo: 0
  m_Mute: 0
  m_CanTransitionToSelf: 0
--- !u!1101 &110181026
Transition:
  serializedVersion: 2
  m_ObjectHideFlags: 3
  m_PrefabParentObject: {fileID: 0}
  m_PrefabInternal: {fileID: 0}
  m_Name: 
  m_SrcState: {fileID: 0}
  m_DstState: {fileID: 110287760}
  m_TransitionDuration: .100000001
  m_TransitionOffset: 0
  m_Conditions:
  - m_ConditionMode: 1
    m_ConditionEvent: MontreDeux
    m_EventTreshold: 0
    m_ExitTime: .899999976
  m_Atomic: 1
  m_Solo: 0
  m_Mute: 0
  m_CanTransitionToSelf: 0
--- !u!1102 &110205256
State:
  m_ObjectHideFlags: 3
  m_PrefabParentObject: {fileID: 0}
  m_PrefabInternal: {fileID: 0}
  m_Name: Danse
  m_Speed: 1
  m_CycleOffset: 0
  m_Motions:
  - {fileID: 7400008, guid: bd7f44bcc7a3bf240babbac2334d8560, type: 3}
  m_ParentStateMachine: {fileID: 110709540}
  m_Position: {x: 108, y: 36, z: 0}
  m_IKOnFeet: 0
  m_Mirror: 0
  m_Tag: 
--- !u!1102 &110214856
State:
  m_ObjectHideFlags: 3
  m_PrefabParentObject: {fileID: 0}
  m_PrefabInternal: {fileID: 0}
  m_Name: "Marche fi\xE8re"
  m_Speed: 1
  m_CycleOffset: 0
  m_Motions:
  - {fileID: 7400016, guid: bd7f44bcc7a3bf240babbac2334d8560, type: 3}
  m_ParentStateMachine: {fileID: 110709540}
  m_Position: {x: 684, y: -60, z: 0}
  m_IKOnFeet: 0
  m_Mirror: 0
  m_Tag: 
--- !u!1102 &110238794
State:
  m_ObjectHideFlags: 3
  m_PrefabParentObject: {fileID: 0}
  m_PrefabInternal: {fileID: 0}
  m_Name: Satisfait
  m_Speed: .699999988
  m_CycleOffset: 0
  m_Motions:
  - {fileID: 7400012, guid: bd7f44bcc7a3bf240babbac2334d8560, type: 3}
  m_ParentStateMachine: {fileID: 110709540}
  m_Position: {x: 372, y: -84, z: 0}
  m_IKOnFeet: 0
  m_Mirror: 0
  m_Tag: 
--- !u!1102 &110246662
State:
  m_ObjectHideFlags: 3
  m_PrefabParentObject: {fileID: 0}
  m_PrefabInternal: {fileID: 0}
  m_Name: Marche
  m_Speed: .200000003
  m_CycleOffset: 0
  m_Motions:
  - {fileID: 7400002, guid: bd7f44bcc7a3bf240babbac2334d8560, type: 3}
  m_ParentStateMachine: {fileID: 110709540}
  m_Position: {x: 648, y: -144, z: 0}
  m_IKOnFeet: 0
  m_Mirror: 0
  m_Tag: 
--- !u!1102 &110264198
State:
  m_ObjectHideFlags: 3
  m_PrefabParentObject: {fileID: 0}
  m_PrefabInternal: {fileID: 0}
  m_Name: Montre d'une main
  m_Speed: 1
  m_CycleOffset: 0
  m_Motions:
  - {fileID: 7400006, guid: bd7f44bcc7a3bf240babbac2334d8560, type: 3}
  m_ParentStateMachine: {fileID: 110709540}
  m_Position: {x: 480, y: 264, z: 0}
  m_IKOnFeet: 0
  m_Mirror: 0
  m_Tag: 
--- !u!1102 &110275328
State:
  m_ObjectHideFlags: 3
  m_PrefabParentObject: {fileID: 0}
  m_PrefabInternal: {fileID: 0}
  m_Name: Errance
  m_Speed: .800000012
  m_CycleOffset: 0
  m_Motions:
  - {fileID: 7400004, guid: bd7f44bcc7a3bf240babbac2334d8560, type: 3}
  m_ParentStateMachine: {fileID: 110709540}
  m_Position: {x: 708, y: 36, z: 0}
  m_IKOnFeet: 0
  m_Mirror: 0
  m_Tag: 
--- !u!1102 &110278382
State:
  m_ObjectHideFlags: 3
  m_PrefabParentObject: {fileID: 0}
  m_PrefabInternal: {fileID: 0}
  m_Name: Sautille gentiement
  m_Speed: 1
  m_CycleOffset: 0
  m_Motions:
  - {fileID: 7400018, guid: bd7f44bcc7a3bf240babbac2334d8560, type: 3}
  m_ParentStateMachine: {fileID: 110709540}
  m_Position: {x: 120, y: -96, z: 0}
  m_IKOnFeet: 0
  m_Mirror: 0
  m_Tag: 
--- !u!1102 &110285782
State:
  m_ObjectHideFlags: 3
  m_PrefabParentObject: {fileID: 0}
  m_PrefabInternal: {fileID: 0}
  m_Name: Cri errance
  m_Speed: 1
  m_CycleOffset: 0
  m_Motions:
  - {fileID: 7400020, guid: bd7f44bcc7a3bf240babbac2334d8560, type: 3}
  m_ParentStateMachine: {fileID: 110709540}
  m_Position: {x: 708, y: 144, z: 0}
  m_IKOnFeet: 0
  m_Mirror: 0
  m_Tag: 
--- !u!1102 &110286908
State:
  m_ObjectHideFlags: 3
  m_PrefabParentObject: {fileID: 0}
  m_PrefabInternal: {fileID: 0}
  m_Name: Idle
  m_Speed: 1
  m_CycleOffset: 0
  m_Motions:
  - {fileID: 7400000, guid: bd7f44bcc7a3bf240babbac2334d8560, type: 3}
  m_ParentStateMachine: {fileID: 110709540}
  m_Position: {x: 384, y: -192, z: 0}
  m_IKOnFeet: 0
  m_Mirror: 0
  m_Tag: 
--- !u!1102 &110287760
State:
  m_ObjectHideFlags: 3
  m_PrefabParentObject: {fileID: 0}
  m_PrefabInternal: {fileID: 0}
  m_Name: Montre des deux mains
  m_Speed: .699999988
  m_CycleOffset: 0
  m_Motions:
  - {fileID: 7400010, guid: bd7f44bcc7a3bf240babbac2334d8560, type: 3}
  m_ParentStateMachine: {fileID: 110709540}
  m_Position: {x: 240, y: 168, z: 0}
  m_IKOnFeet: 0
  m_Mirror: 0
  m_Tag: 
--- !u!1102 &110293034
State:
  m_ObjectHideFlags: 3
  m_PrefabParentObject: {fileID: 0}
  m_PrefabInternal: {fileID: 0}
  m_Name: "Compl\xE9t\xE9"
  m_Speed: 1
  m_CycleOffset: 0
  m_Motions:
  - {fileID: 7400014, guid: bd7f44bcc7a3bf240babbac2334d8560, type: 3}
  m_ParentStateMachine: {fileID: 110709540}
  m_Position: {x: 480, y: 168, z: 0}
  m_IKOnFeet: 0
  m_Mirror: 0
  m_Tag: 
--- !u!1107 &110709540
StateMachine:
  serializedVersion: 2
  m_ObjectHideFlags: 3
  m_PrefabParentObject: {fileID: 0}
  m_PrefabInternal: {fileID: 0}
  m_Name: Base Layer
  m_DefaultState: {fileID: 110286908}
  m_States:
  - {fileID: 110286908}
  - {fileID: 110275328}
  - {fileID: 110246662}
  - {fileID: 110264198}
  - {fileID: 110287760}
  - {fileID: 110205256}
  - {fileID: 110238794}
  - {fileID: 110293034}
  - {fileID: 110214856}
  - {fileID: 110278382}
  - {fileID: 110285782}
  m_ChildStateMachine: []
  m_ChildStateMachinePosition: []
  m_OrderedTransitions:
    data:
      first: {fileID: 0}
      second:
      - {fileID: 110102264}
      - {fileID: 110105930}
      - {fileID: 110159978}
      - {fileID: 110181026}
      - {fileID: 110148730}
      - {fileID: 110145802}
      - {fileID: 110152820}
      - {fileID: 110111262}
    data:
      first: {fileID: 110286908}
      second: []
    data:
      first: {fileID: 110275328}
      second:
      - {fileID: 110117120}
    data:
      first: {fileID: 110246662}
      second: []
    data:
      first: {fileID: 110264198}
      second: []
    data:
      first: {fileID: 110287760}
      second: []
    data:
      first: {fileID: 110205256}
      second: []
    data:
      first: {fileID: 110238794}
      second: []
    data:
      first: {fileID: 110293034}
      second:
      - {fileID: 110117562}
    data:
      first: {fileID: 110214856}
      second: []
    data:
      first: {fileID: 110278382}
      second: []
    data:
      first: {fileID: 110285782}
      second:
      - {fileID: 110133726}
  m_MotionSetCount: 1
  m_AnyStatePosition: {x: 396, y: 48, z: 0}
  m_ParentStateMachinePosition: {x: 800, y: 20, z: 0}
