%YAML 1.1
%TAG !u! tag:unity3d.com,2011:
--- !u!1 &156160
GameObject:
  m_ObjectHideFlags: 1
  m_PrefabParentObject: {fileID: 0}
  m_PrefabInternal: {fileID: 100100000}
  serializedVersion: 4
  m_Component:
  - 4: {fileID: 456160}
  m_Layer: 0
  m_Name: bonend_r_hand
  m_TagString: Untagged
  m_Icon: {fileID: 0}
  m_NavMeshLayer: 0
  m_StaticEditorFlags: 0
  m_IsActive: 1
--- !u!1 &156162
GameObject:
  m_ObjectHideFlags: 1
  m_PrefabParentObject: {fileID: 0}
  m_PrefabInternal: {fileID: 100100000}
  serializedVersion: 4
  m_Component:
  - 4: {fileID: 456162}
  m_Layer: 0
  m_Name: r_hand
  m_TagString: Untagged
  m_Icon: {fileID: 0}
  m_NavMeshLayer: 0
  m_StaticEditorFlags: 0
  m_IsActive: 1
--- !u!1 &156164
GameObject:
  m_ObjectHideFlags: 1
  m_PrefabParentObject: {fileID: 0}
  m_PrefabInternal: {fileID: 100100000}
  serializedVersion: 4
  m_Component:
  - 4: {fileID: 456164}
  m_Layer: 0
  m_Name: r_arm 1
  m_TagString: Untagged
  m_Icon: {fileID: 0}
  m_NavMeshLayer: 0
  m_StaticEditorFlags: 0
  m_IsActive: 1
--- !u!1 &156166
GameObject:
  m_ObjectHideFlags: 1
  m_PrefabParentObject: {fileID: 0}
  m_PrefabInternal: {fileID: 100100000}
  serializedVersion: 4
  m_Component:
  - 4: {fileID: 456166}
  m_Layer: 0
  m_Name: r_arm
  m_TagString: Untagged
  m_Icon: {fileID: 0}
  m_NavMeshLayer: 0
  m_StaticEditorFlags: 0
  m_IsActive: 1
--- !u!1 &156168
GameObject:
  m_ObjectHideFlags: 1
  m_PrefabParentObject: {fileID: 0}
  m_PrefabInternal: {fileID: 100100000}
  serializedVersion: 4
  m_Component:
  - 4: {fileID: 456182}
  m_Layer: 0
  m_Name: r_shoulder
  m_TagString: Untagged
  m_Icon: {fileID: 0}
  m_NavMeshLayer: 0
  m_StaticEditorFlags: 0
  m_IsActive: 1
--- !u!1 &156170
GameObject:
  m_ObjectHideFlags: 1
  m_PrefabParentObject: {fileID: 0}
  m_PrefabInternal: {fileID: 100100000}
  serializedVersion: 4
  m_Component:
  - 4: {fileID: 456168}
  m_Layer: 0
  m_Name: bonend_face
  m_TagString: Untagged
  m_Icon: {fileID: 0}
  m_NavMeshLayer: 0
  m_StaticEditorFlags: 0
  m_IsActive: 1
--- !u!1 &156172
GameObject:
  m_ObjectHideFlags: 1
  m_PrefabParentObject: {fileID: 0}
  m_PrefabInternal: {fileID: 100100000}
  serializedVersion: 4
  m_Component:
  - 4: {fileID: 456170}
  m_Layer: 0
  m_Name: face1
  m_TagString: Untagged
  m_Icon: {fileID: 0}
  m_NavMeshLayer: 0
  m_StaticEditorFlags: 0
  m_IsActive: 1
--- !u!1 &156174
GameObject:
  m_ObjectHideFlags: 1
  m_PrefabParentObject: {fileID: 0}
  m_PrefabInternal: {fileID: 100100000}
  serializedVersion: 4
  m_Component:
  - 4: {fileID: 456172}
  m_Layer: 0
  m_Name: head1
  m_TagString: Untagged
  m_Icon: {fileID: 0}
  m_NavMeshLayer: 0
  m_StaticEditorFlags: 0
  m_IsActive: 1
--- !u!1 &156176
GameObject:
  m_ObjectHideFlags: 1
  m_PrefabParentObject: {fileID: 0}
  m_PrefabInternal: {fileID: 100100000}
  serializedVersion: 4
  m_Component:
  - 4: {fileID: 456184}
  m_Layer: 0
  m_Name: neck1
  m_TagString: Untagged
  m_Icon: {fileID: 0}
  m_NavMeshLayer: 0
  m_StaticEditorFlags: 0
  m_IsActive: 1
--- !u!1 &156178
GameObject:
  m_ObjectHideFlags: 1
  m_PrefabParentObject: {fileID: 0}
  m_PrefabInternal: {fileID: 100100000}
  serializedVersion: 4
  m_Component:
  - 4: {fileID: 456174}
  m_Layer: 0
  m_Name: bonend_l_hand
  m_TagString: Untagged
  m_Icon: {fileID: 0}
  m_NavMeshLayer: 0
  m_StaticEditorFlags: 0
  m_IsActive: 1
--- !u!1 &156180
GameObject:
  m_ObjectHideFlags: 1
  m_PrefabParentObject: {fileID: 0}
  m_PrefabInternal: {fileID: 100100000}
  serializedVersion: 4
  m_Component:
  - 4: {fileID: 456176}
  m_Layer: 0
  m_Name: l_hand
  m_TagString: Untagged
  m_Icon: {fileID: 0}
  m_NavMeshLayer: 0
  m_StaticEditorFlags: 0
  m_IsActive: 1
--- !u!1 &156182
GameObject:
  m_ObjectHideFlags: 1
  m_PrefabParentObject: {fileID: 0}
  m_PrefabInternal: {fileID: 100100000}
  serializedVersion: 4
  m_Component:
  - 4: {fileID: 456178}
  m_Layer: 0
  m_Name: l_arm2
  m_TagString: Untagged
  m_Icon: {fileID: 0}
  m_NavMeshLayer: 0
  m_StaticEditorFlags: 0
  m_IsActive: 1
--- !u!1 &156184
GameObject:
  m_ObjectHideFlags: 1
  m_PrefabParentObject: {fileID: 0}
  m_PrefabInternal: {fileID: 100100000}
  serializedVersion: 4
  m_Component:
  - 4: {fileID: 456180}
  m_Layer: 0
  m_Name: l_arm1
  m_TagString: Untagged
  m_Icon: {fileID: 0}
  m_NavMeshLayer: 0
  m_StaticEditorFlags: 0
  m_IsActive: 1
--- !u!1 &156186
GameObject:
  m_ObjectHideFlags: 1
  m_PrefabParentObject: {fileID: 0}
  m_PrefabInternal: {fileID: 100100000}
  serializedVersion: 4
  m_Component:
  - 4: {fileID: 456186}
  m_Layer: 0
  m_Name: l_shoulder
  m_TagString: Untagged
  m_Icon: {fileID: 0}
  m_NavMeshLayer: 0
  m_StaticEditorFlags: 0
  m_IsActive: 1
--- !u!1 &156188
GameObject:
  m_ObjectHideFlags: 1
  m_PrefabParentObject: {fileID: 0}
  m_PrefabInternal: {fileID: 100100000}
  serializedVersion: 4
  m_Component:
  - 4: {fileID: 456188}
  m_Layer: 0
  m_Name: body5
  m_TagString: Untagged
  m_Icon: {fileID: 0}
  m_NavMeshLayer: 0
  m_StaticEditorFlags: 0
  m_IsActive: 1
--- !u!1 &156190
GameObject:
  m_ObjectHideFlags: 1
  m_PrefabParentObject: {fileID: 0}
  m_PrefabInternal: {fileID: 100100000}
  serializedVersion: 4
  m_Component:
  - 4: {fileID: 456190}
  m_Layer: 0
  m_Name: body4
  m_TagString: Untagged
  m_Icon: {fileID: 0}
  m_NavMeshLayer: 0
  m_StaticEditorFlags: 0
  m_IsActive: 1
--- !u!1 &156192
GameObject:
  m_ObjectHideFlags: 1
  m_PrefabParentObject: {fileID: 0}
  m_PrefabInternal: {fileID: 100100000}
  serializedVersion: 4
  m_Component:
  - 4: {fileID: 456192}
  m_Layer: 0
  m_Name: body3
  m_TagString: Untagged
  m_Icon: {fileID: 0}
  m_NavMeshLayer: 0
  m_StaticEditorFlags: 0
  m_IsActive: 1
--- !u!1 &156194
GameObject:
  m_ObjectHideFlags: 1
  m_PrefabParentObject: {fileID: 0}
  m_PrefabInternal: {fileID: 100100000}
  serializedVersion: 4
  m_Component:
  - 4: {fileID: 456194}
  m_Layer: 0
  m_Name: body2
  m_TagString: Untagged
  m_Icon: {fileID: 0}
  m_NavMeshLayer: 0
  m_StaticEditorFlags: 0
  m_IsActive: 1
--- !u!1 &156196
GameObject:
  m_ObjectHideFlags: 1
  m_PrefabParentObject: {fileID: 0}
  m_PrefabInternal: {fileID: 100100000}
  serializedVersion: 4
  m_Component:
  - 4: {fileID: 456196}
  - 137: {fileID: 13756160}
  m_Layer: 0
  m_Name: Cylinder001
  m_TagString: Untagged
  m_Icon: {fileID: 0}
  m_NavMeshLayer: 0
  m_StaticEditorFlags: 0
  m_IsActive: 1
--- !u!1 &156198
GameObject:
  m_ObjectHideFlags: 1
  m_PrefabParentObject: {fileID: 0}
  m_PrefabInternal: {fileID: 100100000}
  serializedVersion: 4
  m_Component:
  - 4: {fileID: 456198}
  m_Layer: 0
  m_Name: body1
  m_TagString: Untagged
  m_Icon: {fileID: 0}
  m_NavMeshLayer: 0
  m_StaticEditorFlags: 0
  m_IsActive: 1
--- !u!1 &156200
GameObject:
  m_ObjectHideFlags: 0
  m_PrefabParentObject: {fileID: 0}
  m_PrefabInternal: {fileID: 100100000}
  serializedVersion: 4
  m_Component:
  - 4: {fileID: 456200}
  - 95: {fileID: 9556160}
  - 114: {fileID: 11456162}
  - 114: {fileID: 11456160}
  m_Layer: 0
  m_Name: mesh
  m_TagString: Untagged
  m_Icon: {fileID: 0}
  m_NavMeshLayer: 0
  m_StaticEditorFlags: 0
  m_IsActive: 1
--- !u!1 &156202
GameObject:
  m_ObjectHideFlags: 1
  m_PrefabParentObject: {fileID: 0}
  m_PrefabInternal: {fileID: 100100000}
  serializedVersion: 4
  m_Component:
  - 4: {fileID: 456202}
  m_Layer: 0
  m_Name: spot
  m_TagString: Untagged
  m_Icon: {fileID: 0}
  m_NavMeshLayer: 0
  m_StaticEditorFlags: 0
  m_IsActive: 1
--- !u!1 &156204
GameObject:
  m_ObjectHideFlags: 1
  m_PrefabParentObject: {fileID: 0}
  m_PrefabInternal: {fileID: 100100000}
  serializedVersion: 4
  m_Component:
  - 4: {fileID: 456204}
  m_Layer: 0
  m_Name: spot
  m_TagString: Untagged
  m_Icon: {fileID: 0}
  m_NavMeshLayer: 0
  m_StaticEditorFlags: 0
  m_IsActive: 1
--- !u!1 &156206
GameObject:
  m_ObjectHideFlags: 1
  m_PrefabParentObject: {fileID: 0}
  m_PrefabInternal: {fileID: 100100000}
  serializedVersion: 4
  m_Component:
  - 4: {fileID: 456206}
  m_Layer: 0
  m_Name: spot
  m_TagString: Untagged
  m_Icon: {fileID: 0}
  m_NavMeshLayer: 0
  m_StaticEditorFlags: 0
  m_IsActive: 1
--- !u!1 &156208
GameObject:
  m_ObjectHideFlags: 1
  m_PrefabParentObject: {fileID: 0}
  m_PrefabInternal: {fileID: 100100000}
  serializedVersion: 4
  m_Component:
  - 4: {fileID: 456208}
  m_Layer: 0
  m_Name: spot
  m_TagString: Untagged
  m_Icon: {fileID: 0}
  m_NavMeshLayer: 0
  m_StaticEditorFlags: 0
  m_IsActive: 1
--- !u!1 &156210
GameObject:
  m_ObjectHideFlags: 0
  m_PrefabParentObject: {fileID: 0}
  m_PrefabInternal: {fileID: 100100000}
  serializedVersion: 4
  m_Component:
  - 4: {fileID: 456210}
  - 135: {fileID: 13556160}
  - 114: {fileID: 11456164}
  m_Layer: 0
  m_Name: sceneRange
  m_TagString: Untagged
  m_Icon: {fileID: 0}
  m_NavMeshLayer: 0
  m_StaticEditorFlags: 0
  m_IsActive: 1
--- !u!1 &156212
GameObject:
  m_ObjectHideFlags: 0
  m_PrefabParentObject: {fileID: 0}
  m_PrefabInternal: {fileID: 100100000}
  serializedVersion: 4
  m_Component:
  - 4: {fileID: 456212}
  - 114: {fileID: 11456172}
  - 54: {fileID: 5456160}
  - 114: {fileID: 11456170}
  - 136: {fileID: 13656160}
  - 195: {fileID: 19556160}
  - 114: {fileID: 11456168}
  - 114: {fileID: 11456166}
  m_Layer: 0
  m_Name: Musicien Final
  m_TagString: NPC
  m_Icon: {fileID: 0}
  m_NavMeshLayer: 0
  m_StaticEditorFlags: 0
  m_IsActive: 1
--- !u!1 &156214
GameObject:
  m_ObjectHideFlags: 0
  m_PrefabParentObject: {fileID: 0}
  m_PrefabInternal: {fileID: 100100000}
  serializedVersion: 4
  m_Component:
  - 4: {fileID: 456214}
  - 135: {fileID: 13556162}
  - 114: {fileID: 11456174}
  m_Layer: 0
  m_Name: playerDetectingSphere
  m_TagString: Untagged
  m_Icon: {fileID: 0}
  m_NavMeshLayer: 0
  m_StaticEditorFlags: 0
  m_IsActive: 1
--- !u!1 &191992
GameObject:
  m_ObjectHideFlags: 1
  m_PrefabParentObject: {fileID: 0}
  m_PrefabInternal: {fileID: 100100000}
  serializedVersion: 4
  m_Component:
  - 4: {fileID: 491992}
  m_Layer: 0
  m_Name: r_shoulder
  m_TagString: Untagged
  m_Icon: {fileID: 0}
  m_NavMeshLayer: 0
  m_StaticEditorFlags: 0
  m_IsActive: 1
--- !u!1 &191994
GameObject:
  m_ObjectHideFlags: 1
  m_PrefabParentObject: {fileID: 0}
  m_PrefabInternal: {fileID: 100100000}
  serializedVersion: 4
  m_Component:
  - 4: {fileID: 491994}
  m_Layer: 0
  m_Name: r_hand
  m_TagString: Untagged
  m_Icon: {fileID: 0}
  m_NavMeshLayer: 0
  m_StaticEditorFlags: 0
  m_IsActive: 1
--- !u!1 &191996
GameObject:
  m_ObjectHideFlags: 1
  m_PrefabParentObject: {fileID: 0}
  m_PrefabInternal: {fileID: 100100000}
  serializedVersion: 4
  m_Component:
  - 4: {fileID: 491996}
  m_Layer: 0
  m_Name: r_arm 1
  m_TagString: Untagged
  m_Icon: {fileID: 0}
  m_NavMeshLayer: 0
  m_StaticEditorFlags: 0
  m_IsActive: 1
--- !u!1 &191998
GameObject:
  m_ObjectHideFlags: 1
  m_PrefabParentObject: {fileID: 0}
  m_PrefabInternal: {fileID: 100100000}
  serializedVersion: 4
  m_Component:
  - 4: {fileID: 491998}
  m_Layer: 0
  m_Name: r_arm
  m_TagString: Untagged
  m_Icon: {fileID: 0}
  m_NavMeshLayer: 0
  m_StaticEditorFlags: 0
  m_IsActive: 1
--- !u!1 &192000
GameObject:
  m_ObjectHideFlags: 0
  m_PrefabParentObject: {fileID: 0}
  m_PrefabInternal: {fileID: 100100000}
  serializedVersion: 4
  m_Component:
  - 4: {fileID: 492000}
  - 95: {fileID: 9591992}
  - 114: {fileID: 11491994}
  - 114: {fileID: 11491992}
  m_Layer: 0
  m_Name: mesh_musicien
  m_TagString: Untagged
  m_Icon: {fileID: 0}
  m_NavMeshLayer: 0
  m_StaticEditorFlags: 0
  m_IsActive: 0
--- !u!1 &192002
GameObject:
  m_ObjectHideFlags: 1
  m_PrefabParentObject: {fileID: 0}
  m_PrefabInternal: {fileID: 100100000}
  serializedVersion: 4
  m_Component:
  - 4: {fileID: 492002}
  m_Layer: 0
  m_Name: neck1
  m_TagString: Untagged
  m_Icon: {fileID: 0}
  m_NavMeshLayer: 0
  m_StaticEditorFlags: 0
  m_IsActive: 1
--- !u!1 &192004
GameObject:
  m_ObjectHideFlags: 1
  m_PrefabParentObject: {fileID: 0}
  m_PrefabInternal: {fileID: 100100000}
  serializedVersion: 4
  m_Component:
  - 4: {fileID: 492004}
  m_Layer: 0
  m_Name: l_shoulder
  m_TagString: Untagged
  m_Icon: {fileID: 0}
  m_NavMeshLayer: 0
  m_StaticEditorFlags: 0
  m_IsActive: 1
--- !u!1 &192006
GameObject:
  m_ObjectHideFlags: 1
  m_PrefabParentObject: {fileID: 0}
  m_PrefabInternal: {fileID: 100100000}
  serializedVersion: 4
  m_Component:
  - 4: {fileID: 492006}
  m_Layer: 0
  m_Name: l_hand
  m_TagString: Untagged
  m_Icon: {fileID: 0}
  m_NavMeshLayer: 0
  m_StaticEditorFlags: 0
  m_IsActive: 1
--- !u!1 &192008
GameObject:
  m_ObjectHideFlags: 1
  m_PrefabParentObject: {fileID: 0}
  m_PrefabInternal: {fileID: 100100000}
  serializedVersion: 4
  m_Component:
  - 4: {fileID: 492008}
  m_Layer: 0
  m_Name: l_arm2
  m_TagString: Untagged
  m_Icon: {fileID: 0}
  m_NavMeshLayer: 0
  m_StaticEditorFlags: 0
  m_IsActive: 1
--- !u!1 &192010
GameObject:
  m_ObjectHideFlags: 1
  m_PrefabParentObject: {fileID: 0}
  m_PrefabInternal: {fileID: 100100000}
  serializedVersion: 4
  m_Component:
  - 4: {fileID: 492010}
  m_Layer: 0
  m_Name: l_arm1
  m_TagString: Untagged
  m_Icon: {fileID: 0}
  m_NavMeshLayer: 0
  m_StaticEditorFlags: 0
  m_IsActive: 1
--- !u!1 &192012
GameObject:
  m_ObjectHideFlags: 1
  m_PrefabParentObject: {fileID: 0}
  m_PrefabInternal: {fileID: 100100000}
  serializedVersion: 4
  m_Component:
  - 4: {fileID: 492012}
  m_Layer: 0
  m_Name: head1
  m_TagString: Untagged
  m_Icon: {fileID: 0}
  m_NavMeshLayer: 0
  m_StaticEditorFlags: 0
  m_IsActive: 1
--- !u!1 &192014
GameObject:
  m_ObjectHideFlags: 1
  m_PrefabParentObject: {fileID: 0}
  m_PrefabInternal: {fileID: 100100000}
  serializedVersion: 4
  m_Component:
  - 4: {fileID: 492014}
  m_Layer: 0
  m_Name: face1
  m_TagString: Untagged
  m_Icon: {fileID: 0}
  m_NavMeshLayer: 0
  m_StaticEditorFlags: 0
  m_IsActive: 1
--- !u!1 &192016
GameObject:
  m_ObjectHideFlags: 1
  m_PrefabParentObject: {fileID: 0}
  m_PrefabInternal: {fileID: 100100000}
  serializedVersion: 4
  m_Component:
  - 4: {fileID: 492016}
  - 137: {fileID: 13791992}
  m_Layer: 0
  m_Name: Cylinder001
  m_TagString: Untagged
  m_Icon: {fileID: 0}
  m_NavMeshLayer: 0
  m_StaticEditorFlags: 0
  m_IsActive: 1
--- !u!1 &192018
GameObject:
  m_ObjectHideFlags: 1
  m_PrefabParentObject: {fileID: 0}
  m_PrefabInternal: {fileID: 100100000}
  serializedVersion: 4
  m_Component:
  - 4: {fileID: 492018}
  m_Layer: 0
  m_Name: bonend_r_hand
  m_TagString: Untagged
  m_Icon: {fileID: 0}
  m_NavMeshLayer: 0
  m_StaticEditorFlags: 0
  m_IsActive: 1
--- !u!1 &192020
GameObject:
  m_ObjectHideFlags: 1
  m_PrefabParentObject: {fileID: 0}
  m_PrefabInternal: {fileID: 100100000}
  serializedVersion: 4
  m_Component:
  - 4: {fileID: 492020}
  m_Layer: 0
  m_Name: bonend_l_hand
  m_TagString: Untagged
  m_Icon: {fileID: 0}
  m_NavMeshLayer: 0
  m_StaticEditorFlags: 0
  m_IsActive: 1
--- !u!1 &192022
GameObject:
  m_ObjectHideFlags: 1
  m_PrefabParentObject: {fileID: 0}
  m_PrefabInternal: {fileID: 100100000}
  serializedVersion: 4
  m_Component:
  - 4: {fileID: 492022}
  m_Layer: 0
  m_Name: bonend_face
  m_TagString: Untagged
  m_Icon: {fileID: 0}
  m_NavMeshLayer: 0
  m_StaticEditorFlags: 0
  m_IsActive: 1
--- !u!1 &192024
GameObject:
  m_ObjectHideFlags: 1
  m_PrefabParentObject: {fileID: 0}
  m_PrefabInternal: {fileID: 100100000}
  serializedVersion: 4
  m_Component:
  - 4: {fileID: 492024}
  m_Layer: 0
  m_Name: body5
  m_TagString: Untagged
  m_Icon: {fileID: 0}
  m_NavMeshLayer: 0
  m_StaticEditorFlags: 0
  m_IsActive: 1
--- !u!1 &192026
GameObject:
  m_ObjectHideFlags: 1
  m_PrefabParentObject: {fileID: 0}
  m_PrefabInternal: {fileID: 100100000}
  serializedVersion: 4
  m_Component:
  - 4: {fileID: 492026}
  m_Layer: 0
  m_Name: body4
  m_TagString: Untagged
  m_Icon: {fileID: 0}
  m_NavMeshLayer: 0
  m_StaticEditorFlags: 0
  m_IsActive: 1
--- !u!1 &192028
GameObject:
  m_ObjectHideFlags: 1
  m_PrefabParentObject: {fileID: 0}
  m_PrefabInternal: {fileID: 100100000}
  serializedVersion: 4
  m_Component:
  - 4: {fileID: 492028}
  m_Layer: 0
  m_Name: body3
  m_TagString: Untagged
  m_Icon: {fileID: 0}
  m_NavMeshLayer: 0
  m_StaticEditorFlags: 0
  m_IsActive: 1
--- !u!1 &192030
GameObject:
  m_ObjectHideFlags: 1
  m_PrefabParentObject: {fileID: 0}
  m_PrefabInternal: {fileID: 100100000}
  serializedVersion: 4
  m_Component:
  - 4: {fileID: 492030}
  m_Layer: 0
  m_Name: body2
  m_TagString: Untagged
  m_Icon: {fileID: 0}
  m_NavMeshLayer: 0
  m_StaticEditorFlags: 0
  m_IsActive: 1
--- !u!1 &192032
GameObject:
  m_ObjectHideFlags: 1
  m_PrefabParentObject: {fileID: 0}
  m_PrefabInternal: {fileID: 100100000}
  serializedVersion: 4
  m_Component:
  - 4: {fileID: 492032}
  m_Layer: 0
  m_Name: body1
  m_TagString: Untagged
  m_Icon: {fileID: 0}
  m_NavMeshLayer: 0
  m_StaticEditorFlags: 0
  m_IsActive: 1
--- !u!1 &194900
GameObject:
  m_ObjectHideFlags: 0
  m_PrefabParentObject: {fileID: 0}
  m_PrefabInternal: {fileID: 100100000}
  serializedVersion: 4
  m_Component:
  - 4: {fileID: 494900}
  - 212: {fileID: 21294900}
  - 114: {fileID: 11494898}
  - 114: {fileID: 11494900}
  m_Layer: 0
  m_Name: bulle
  m_TagString: Untagged
  m_Icon: {fileID: 0}
  m_NavMeshLayer: 0
  m_StaticEditorFlags: 0
  m_IsActive: 1
--- !u!4 &456160
Transform:
  m_ObjectHideFlags: 1
  m_PrefabParentObject: {fileID: 0}
  m_PrefabInternal: {fileID: 100100000}
  m_GameObject: {fileID: 156160}
  m_LocalRotation: {x: 4.65661287e-10, y: 6.9388939e-18, z: 1.49011612e-08, w: 1}
  m_LocalPosition: {x: -.0902555063, y: -7.62939436e-08, z: 1.90734859e-08}
  m_LocalScale: {x: 1, y: 1, z: 1}
  m_Children: []
  m_Father: {fileID: 456162}
  m_RootOrder: 0
--- !u!4 &456162
Transform:
  m_ObjectHideFlags: 1
  m_PrefabParentObject: {fileID: 0}
  m_PrefabInternal: {fileID: 100100000}
  m_GameObject: {fileID: 156162}
  m_LocalRotation: {x: .00406601978, y: .0298916288, z: -.0274707638, w: .999167323}
  m_LocalPosition: {x: -.240685895, y: 0, z: 9.53674295e-09}
  m_LocalScale: {x: 1.00000012, y: 1.00000012, z: 1}
  m_Children:
  - {fileID: 456160}
  m_Father: {fileID: 456164}
  m_RootOrder: 0
--- !u!4 &456164
Transform:
  m_ObjectHideFlags: 1
  m_PrefabParentObject: {fileID: 0}
  m_PrefabInternal: {fileID: 100100000}
  m_GameObject: {fileID: 156164}
  m_LocalRotation: {x: .0311677717, y: .144581363, z: -.0272484981, w: .98862648}
  m_LocalPosition: {x: -.263792336, y: 0, z: 4.76837148e-09}
  m_LocalScale: {x: .999999583, y: .999999583, z: 1}
  m_Children:
  - {fileID: 456162}
  m_Father: {fileID: 456166}
  m_RootOrder: 0
--- !u!4 &456166
Transform:
  m_ObjectHideFlags: 1
  m_PrefabParentObject: {fileID: 0}
  m_PrefabInternal: {fileID: 100100000}
  m_GameObject: {fileID: 156166}
  m_LocalRotation: {x: -.000226281962, y: .0148311546, z: .21328789, w: .976876795}
  m_LocalPosition: {x: -.0983905792, y: 0, z: 0}
  m_LocalScale: {x: 1.00000024, y: 1.00000024, z: 1}
  m_Children:
  - {fileID: 456164}
  m_Father: {fileID: 456182}
  m_RootOrder: 0
--- !u!4 &456168
Transform:
  m_ObjectHideFlags: 1
  m_PrefabParentObject: {fileID: 0}
  m_PrefabInternal: {fileID: 100100000}
  m_GameObject: {fileID: 156170}
  m_LocalRotation: {x: 1.0842023e-19, y: -1.16415336e-10, z: 9.31322686e-10, w: 1}
  m_LocalPosition: {x: -.0808822736, y: 0, z: 4.76837148e-09}
  m_LocalScale: {x: 1, y: 1, z: 1}
  m_Children: []
  m_Father: {fileID: 456170}
  m_RootOrder: 0
--- !u!4 &456170
Transform:
  m_ObjectHideFlags: 1
  m_PrefabParentObject: {fileID: 0}
  m_PrefabInternal: {fileID: 100100000}
  m_GameObject: {fileID: 156172}
  m_LocalRotation: {x: 2.38981777e-08, y: 1.78368573e-08, z: .569610119, w: .82191503}
  m_LocalPosition: {x: -.113609314, y: 0, z: 4.76837148e-09}
  m_LocalScale: {x: .999999881, y: .999999881, z: 1}
  m_Children:
  - {fileID: 456168}
  m_Father: {fileID: 456172}
  m_RootOrder: 0
--- !u!4 &456172
Transform:
  m_ObjectHideFlags: 1
  m_PrefabParentObject: {fileID: 0}
  m_PrefabInternal: {fileID: 100100000}
  m_GameObject: {fileID: 156174}
  m_LocalRotation: {x: .0332001224, y: -.0161122922, z: .182616472, w: .982491434}
  m_LocalPosition: {x: -.0898459628, y: -1.33514405e-07, z: 7.15255721e-09}
  m_LocalScale: {x: 1, y: 1, z: 1}
  m_Children:
  - {fileID: 456170}
  m_Father: {fileID: 456184}
  m_RootOrder: 0
--- !u!4 &456174
Transform:
  m_ObjectHideFlags: 1
  m_PrefabParentObject: {fileID: 0}
  m_PrefabInternal: {fileID: 100100000}
  m_GameObject: {fileID: 156178}
  m_LocalRotation: {x: -9.31322797e-10, y: 9.48784873e-09, z: 7.4505806e-09, w: 1}
  m_LocalPosition: {x: -.0902555063, y: 7.62939436e-08, z: 9.53674295e-09}
  m_LocalScale: {x: 1, y: 1, z: 1}
  m_Children: []
  m_Father: {fileID: 456176}
  m_RootOrder: 0
--- !u!4 &456176
Transform:
  m_ObjectHideFlags: 1
  m_PrefabParentObject: {fileID: 0}
  m_PrefabInternal: {fileID: 100100000}
  m_GameObject: {fileID: 156180}
  m_LocalRotation: {x: .00742267724, y: .0258370712, z: -.0286320727, w: .999228477}
  m_LocalPosition: {x: -.240685955, y: 0, z: 9.53674295e-09}
  m_LocalScale: {x: 1.00000012, y: 1.00000012, z: 1}
  m_Children:
  - {fileID: 456174}
  m_Father: {fileID: 456178}
  m_RootOrder: 0
--- !u!4 &456178
Transform:
  m_ObjectHideFlags: 1
  m_PrefabParentObject: {fileID: 0}
  m_PrefabInternal: {fileID: 100100000}
  m_GameObject: {fileID: 156182}
  m_LocalRotation: {x: .00917526986, y: .057815969, z: -.0422371887, w: .997391164}
  m_LocalPosition: {x: -.263792336, y: 0, z: 9.53674295e-09}
  m_LocalScale: {x: .999999583, y: .999999583, z: 1}
  m_Children:
  - {fileID: 456176}
  m_Father: {fileID: 456180}
  m_RootOrder: 0
--- !u!4 &456180
Transform:
  m_ObjectHideFlags: 1
  m_PrefabParentObject: {fileID: 0}
  m_PrefabInternal: {fileID: 100100000}
  m_GameObject: {fileID: 156184}
  m_LocalRotation: {x: -.000972135051, y: .0197425336, z: .222043812, w: .974836349}
  m_LocalPosition: {x: -.0983906537, y: -7.62939436e-08, z: 7.15255695e-08}
  m_LocalScale: {x: 1.02072704, y: .979354739, z: 1.00034177}
  m_Children:
  - {fileID: 456178}
  m_Father: {fileID: 456186}
  m_RootOrder: 0
--- !u!4 &456182
Transform:
  m_ObjectHideFlags: 1
  m_PrefabParentObject: {fileID: 0}
  m_PrefabInternal: {fileID: 100100000}
  m_GameObject: {fileID: 156168}
  m_LocalRotation: {x: -.392955631, y: -.627801895, z: -.39636299, w: .54253757}
  m_LocalPosition: {x: -.056807097, y: .00664848322, z: .0716535151}
  m_LocalScale: {x: -.999999881, y: -.999999821, z: -.999999821}
  m_Children:
  - {fileID: 456166}
  m_Father: {fileID: 456188}
  m_RootOrder: 2
--- !u!4 &456184
Transform:
  m_ObjectHideFlags: 1
  m_PrefabParentObject: {fileID: 0}
  m_PrefabInternal: {fileID: 100100000}
  m_GameObject: {fileID: 156176}
  m_LocalRotation: {x: 2.19622452e-05, y: -.000119983662, z: .139061272, w: .990283787}
  m_LocalPosition: {x: -.104133219, y: -1.90734859e-08, z: 7.15255721e-09}
  m_LocalScale: {x: .999999762, y: .999999762, z: 1}
  m_Children:
  - {fileID: 456172}
  m_Father: {fileID: 456188}
  m_RootOrder: 1
--- !u!4 &456186
Transform:
  m_ObjectHideFlags: 1
  m_PrefabParentObject: {fileID: 0}
  m_PrefabInternal: {fileID: 100100000}
  m_GameObject: {fileID: 156186}
  m_LocalRotation: {x: .695955575, y: -.29991734, z: .399192989, w: .51608175}
  m_LocalPosition: {x: -.0568071716, y: .00664846413, z: -.0716535151}
  m_LocalScale: {x: 1, y: .999999821, z: .999999762}
  m_Children:
  - {fileID: 456180}
  m_Father: {fileID: 456188}
  m_RootOrder: 0
--- !u!4 &456188
Transform:
  m_ObjectHideFlags: 1
  m_PrefabParentObject: {fileID: 0}
  m_PrefabInternal: {fileID: 100100000}
  m_GameObject: {fileID: 156188}
  m_LocalRotation: {x: -.0554683059, y: -.025413448, z: -.0963433832, w: .99347645}
  m_LocalPosition: {x: -.193079293, y: -9.25064057e-07, z: 1.26659865e-08}
  m_LocalScale: {x: 1.00000024, y: 1.00000024, z: 1}
  m_Children:
  - {fileID: 456186}
  - {fileID: 456184}
  - {fileID: 456182}
  m_Father: {fileID: 456190}
  m_RootOrder: 0
--- !u!4 &456190
Transform:
  m_ObjectHideFlags: 1
  m_PrefabParentObject: {fileID: 0}
  m_PrefabInternal: {fileID: 100100000}
  m_GameObject: {fileID: 156190}
  m_LocalRotation: {x: .0174225681, y: .00103989139, z: -.0594115108, w: .998080969}
  m_LocalPosition: {x: -.212544516, y: -4.24385064e-07, z: 1.41991627e-08}
  m_LocalScale: {x: 1.04626215, y: 1, z: 1}
  m_Children:
  - {fileID: 456188}
  m_Father: {fileID: 456192}
  m_RootOrder: 0
--- !u!4 &456192
Transform:
  m_ObjectHideFlags: 1
  m_PrefabParentObject: {fileID: 0}
  m_PrefabInternal: {fileID: 100100000}
  m_GameObject: {fileID: 156192}
  m_LocalRotation: {x: 2.0674756e-16, y: 1.76777407e-15, z: -.0539796501, w: .99854207}
  m_LocalPosition: {x: -.249923855, y: 7.15255721e-09, z: 1.67941803e-08}
  m_LocalScale: {x: 1, y: 1, z: 1}
  m_Children:
  - {fileID: 456190}
  m_Father: {fileID: 456194}
  m_RootOrder: 0
--- !u!4 &456194
Transform:
  m_ObjectHideFlags: 1
  m_PrefabParentObject: {fileID: 0}
  m_PrefabInternal: {fileID: 100100000}
  m_GameObject: {fileID: 156194}
  m_LocalRotation: {x: 2.6032284e-11, y: -1.38167082e-12, z: -.0532048158, w: .998583615}
  m_LocalPosition: {x: -.309441775, y: 0, z: 2.06741877e-08}
  m_LocalScale: {x: 1, y: 1, z: 1}
  m_Children:
  - {fileID: 456192}
  m_Father: {fileID: 456198}
  m_RootOrder: 0
--- !u!4 &456196
Transform:
  m_ObjectHideFlags: 1
  m_PrefabParentObject: {fileID: 0}
  m_PrefabInternal: {fileID: 100100000}
  m_GameObject: {fileID: 156196}
  m_LocalRotation: {x: -.707106829, y: 0, z: -0, w: .707106829}
  m_LocalPosition: {x: 0, y: 0, z: 0}
  m_LocalScale: {x: 1, y: 1, z: 1}
  m_Children: []
  m_Father: {fileID: 456200}
  m_RootOrder: 1
--- !u!4 &456198
Transform:
  m_ObjectHideFlags: 1
  m_PrefabParentObject: {fileID: 0}
  m_PrefabInternal: {fileID: 100100000}
  m_GameObject: {fileID: 156198}
  m_LocalRotation: {x: -.4436149, y: .550641298, z: -.4436149, w: .550641298}
  m_LocalPosition: {x: 0, y: 0, z: -.0445819087}
  m_LocalScale: {x: .986429572, y: 1.000072, z: 1}
  m_Children:
  - {fileID: 456194}
  m_Father: {fileID: 456200}
  m_RootOrder: 0
--- !u!4 &456200
Transform:
  m_ObjectHideFlags: 1
  m_PrefabParentObject: {fileID: 0}
  m_PrefabInternal: {fileID: 100100000}
  m_GameObject: {fileID: 156200}
  m_LocalRotation: {x: 0, y: 0, z: 0, w: 1}
  m_LocalPosition: {x: 0, y: -1.02999997, z: 0}
  m_LocalScale: {x: 1, y: 1, z: 1}
  m_Children:
  - {fileID: 456198}
  - {fileID: 456196}
  m_Father: {fileID: 456212}
  m_RootOrder: 3
--- !u!4 &456202
Transform:
  m_ObjectHideFlags: 1
  m_PrefabParentObject: {fileID: 0}
  m_PrefabInternal: {fileID: 100100000}
  m_GameObject: {fileID: 156202}
  m_LocalRotation: {x: 0, y: 0, z: 0, w: 1}
  m_LocalPosition: {x: -.347867131, y: 0, z: .00548688415}
  m_LocalScale: {x: .109737262, y: .109737262, z: .109737262}
  m_Children: []
  m_Father: {fileID: 456210}
  m_RootOrder: 3
--- !u!4 &456204
Transform:
  m_ObjectHideFlags: 1
  m_PrefabParentObject: {fileID: 0}
  m_PrefabInternal: {fileID: 100100000}
  m_GameObject: {fileID: 156204}
  m_LocalRotation: {x: 0, y: 0, z: 0, w: 1}
  m_LocalPosition: {x: -.0109737264, y: 0, z: .331406534}
  m_LocalScale: {x: .109737262, y: .109737262, z: .109737262}
  m_Children: []
  m_Father: {fileID: 456210}
  m_RootOrder: 2
--- !u!4 &456206
Transform:
  m_ObjectHideFlags: 1
  m_PrefabParentObject: {fileID: 0}
  m_PrefabInternal: {fileID: 100100000}
  m_GameObject: {fileID: 156206}
  m_LocalRotation: {x: 0, y: 0, z: 0, w: 1}
  m_LocalPosition: {x: -.0109737264, y: 0, z: -.385177821}
  m_LocalScale: {x: .109737262, y: .109737262, z: .109737262}
  m_Children: []
  m_Father: {fileID: 456210}
  m_RootOrder: 1
--- !u!4 &456208
Transform:
  m_ObjectHideFlags: 1
  m_PrefabParentObject: {fileID: 0}
  m_PrefabInternal: {fileID: 100100000}
  m_GameObject: {fileID: 156208}
  m_LocalRotation: {x: 0, y: 0, z: 0, w: 1}
  m_LocalPosition: {x: .197527066, y: 0, z: 0}
  m_LocalScale: {x: .109737262, y: .109737262, z: .109737262}
  m_Children: []
  m_Father: {fileID: 456210}
  m_RootOrder: 0
--- !u!4 &456210
Transform:
  m_ObjectHideFlags: 1
  m_PrefabParentObject: {fileID: 0}
  m_PrefabInternal: {fileID: 100100000}
  m_GameObject: {fileID: 156210}
  m_LocalRotation: {x: 0, y: 0, z: 0, w: 1}
  m_LocalPosition: {x: 0, y: 0, z: 0}
  m_LocalScale: {x: 9.11267471, y: 9.11267471, z: 9.11267471}
  m_Children:
  - {fileID: 456208}
  - {fileID: 456206}
  - {fileID: 456204}
  - {fileID: 456202}
  m_Father: {fileID: 456212}
  m_RootOrder: 1
--- !u!4 &456212
Transform:
  m_ObjectHideFlags: 1
  m_PrefabParentObject: {fileID: 0}
  m_PrefabInternal: {fileID: 100100000}
  m_GameObject: {fileID: 156212}
  m_LocalRotation: {x: 0, y: 0, z: 0, w: 1}
  m_LocalPosition: {x: 159.770004, y: 140.929993, z: -127.110001}
  m_LocalScale: {x: 2, y: 2, z: 2}
  m_Children:
  - {fileID: 494900}
  - {fileID: 456210}
  - {fileID: 456214}
  - {fileID: 456200}
  - {fileID: 492000}
  m_Father: {fileID: 0}
  m_RootOrder: 0
--- !u!4 &456214
Transform:
  m_ObjectHideFlags: 1
  m_PrefabParentObject: {fileID: 0}
  m_PrefabInternal: {fileID: 100100000}
  m_GameObject: {fileID: 156214}
  m_LocalRotation: {x: 0, y: 0, z: 0, w: 1}
  m_LocalPosition: {x: 0, y: 0, z: 0}
  m_LocalScale: {x: 1, y: 1, z: 1}
  m_Children: []
  m_Father: {fileID: 456212}
  m_RootOrder: 2
--- !u!4 &491992
Transform:
  m_ObjectHideFlags: 1
  m_PrefabParentObject: {fileID: 0}
  m_PrefabInternal: {fileID: 100100000}
  m_GameObject: {fileID: 191992}
  m_LocalRotation: {x: -.392955631, y: -.627801895, z: -.39636299, w: .54253757}
  m_LocalPosition: {x: -.056807097, y: .00664848322, z: .0716535151}
  m_LocalScale: {x: -.999999881, y: -.999999821, z: -.999999821}
  m_Children:
  - {fileID: 491998}
  m_Father: {fileID: 492024}
  m_RootOrder: 2
--- !u!4 &491994
Transform:
  m_ObjectHideFlags: 1
  m_PrefabParentObject: {fileID: 0}
  m_PrefabInternal: {fileID: 100100000}
  m_GameObject: {fileID: 191994}
  m_LocalRotation: {x: .00406601978, y: .0298916288, z: -.0274707638, w: .999167323}
  m_LocalPosition: {x: -.240685895, y: 0, z: 9.53674295e-09}
  m_LocalScale: {x: 1.00000012, y: 1.00000012, z: 1}
  m_Children:
  - {fileID: 492018}
  m_Father: {fileID: 491996}
  m_RootOrder: 0
--- !u!4 &491996
Transform:
  m_ObjectHideFlags: 1
  m_PrefabParentObject: {fileID: 0}
  m_PrefabInternal: {fileID: 100100000}
  m_GameObject: {fileID: 191996}
  m_LocalRotation: {x: .0311677717, y: .144581363, z: -.0272484981, w: .98862648}
  m_LocalPosition: {x: -.263792336, y: 0, z: 4.76837148e-09}
  m_LocalScale: {x: .999999583, y: .999999583, z: 1}
  m_Children:
  - {fileID: 491994}
  m_Father: {fileID: 491998}
  m_RootOrder: 0
--- !u!4 &491998
Transform:
  m_ObjectHideFlags: 1
  m_PrefabParentObject: {fileID: 0}
  m_PrefabInternal: {fileID: 100100000}
  m_GameObject: {fileID: 191998}
  m_LocalRotation: {x: -.000226281962, y: .0148311546, z: .21328789, w: .976876795}
  m_LocalPosition: {x: -.0983905792, y: 0, z: 0}
  m_LocalScale: {x: 1.00000024, y: 1.00000024, z: 1}
  m_Children:
  - {fileID: 491996}
  m_Father: {fileID: 491992}
  m_RootOrder: 0
--- !u!4 &492000
Transform:
  m_ObjectHideFlags: 1
  m_PrefabParentObject: {fileID: 0}
  m_PrefabInternal: {fileID: 100100000}
  m_GameObject: {fileID: 192000}
  m_LocalRotation: {x: 0, y: 0, z: 0, w: 1}
  m_LocalPosition: {x: 0, y: 0, z: 0}
  m_LocalScale: {x: 1, y: 1, z: 1}
  m_Children:
  - {fileID: 492032}
  - {fileID: 492016}
  m_Father: {fileID: 456212}
  m_RootOrder: 4
--- !u!4 &492002
Transform:
  m_ObjectHideFlags: 1
  m_PrefabParentObject: {fileID: 0}
  m_PrefabInternal: {fileID: 100100000}
  m_GameObject: {fileID: 192002}
  m_LocalRotation: {x: 2.19622452e-05, y: -.000119983662, z: .139061272, w: .990283787}
  m_LocalPosition: {x: -.104133219, y: -1.90734859e-08, z: 7.15255721e-09}
  m_LocalScale: {x: .999999762, y: .999999762, z: 1}
  m_Children:
  - {fileID: 492012}
  m_Father: {fileID: 492024}
  m_RootOrder: 1
--- !u!4 &492004
Transform:
  m_ObjectHideFlags: 1
  m_PrefabParentObject: {fileID: 0}
  m_PrefabInternal: {fileID: 100100000}
  m_GameObject: {fileID: 192004}
  m_LocalRotation: {x: .695955575, y: -.29991734, z: .399192989, w: .51608175}
  m_LocalPosition: {x: -.0568071716, y: .00664846413, z: -.0716535151}
  m_LocalScale: {x: 1, y: .999999821, z: .999999762}
  m_Children:
  - {fileID: 492010}
  m_Father: {fileID: 492024}
  m_RootOrder: 0
--- !u!4 &492006
Transform:
  m_ObjectHideFlags: 1
  m_PrefabParentObject: {fileID: 0}
  m_PrefabInternal: {fileID: 100100000}
  m_GameObject: {fileID: 192006}
  m_LocalRotation: {x: .00742267724, y: .0258370712, z: -.0286320727, w: .999228477}
  m_LocalPosition: {x: -.240685955, y: 0, z: 9.53674295e-09}
  m_LocalScale: {x: 1.00000012, y: 1.00000012, z: 1}
  m_Children:
  - {fileID: 492020}
  m_Father: {fileID: 492008}
  m_RootOrder: 0
--- !u!4 &492008
Transform:
  m_ObjectHideFlags: 1
  m_PrefabParentObject: {fileID: 0}
  m_PrefabInternal: {fileID: 100100000}
  m_GameObject: {fileID: 192008}
  m_LocalRotation: {x: .00917526986, y: .057815969, z: -.0422371887, w: .997391164}
  m_LocalPosition: {x: -.263792336, y: 0, z: 9.53674295e-09}
  m_LocalScale: {x: .999999583, y: .999999583, z: 1}
  m_Children:
  - {fileID: 492006}
  m_Father: {fileID: 492010}
  m_RootOrder: 0
--- !u!4 &492010
Transform:
  m_ObjectHideFlags: 1
  m_PrefabParentObject: {fileID: 0}
  m_PrefabInternal: {fileID: 100100000}
  m_GameObject: {fileID: 192010}
  m_LocalRotation: {x: -.000972135051, y: .0197425336, z: .222043812, w: .974836349}
  m_LocalPosition: {x: -.0983906537, y: -7.62939436e-08, z: 7.15255695e-08}
  m_LocalScale: {x: 1.02072704, y: .979354739, z: 1.00034177}
  m_Children:
  - {fileID: 492008}
  m_Father: {fileID: 492004}
  m_RootOrder: 0
--- !u!4 &492012
Transform:
  m_ObjectHideFlags: 1
  m_PrefabParentObject: {fileID: 0}
  m_PrefabInternal: {fileID: 100100000}
  m_GameObject: {fileID: 192012}
  m_LocalRotation: {x: .0332001224, y: -.0161122922, z: .182616472, w: .982491434}
  m_LocalPosition: {x: -.0898459628, y: -1.33514405e-07, z: 7.15255721e-09}
  m_LocalScale: {x: 1, y: 1, z: 1}
  m_Children:
  - {fileID: 492014}
  m_Father: {fileID: 492002}
  m_RootOrder: 0
--- !u!4 &492014
Transform:
  m_ObjectHideFlags: 1
  m_PrefabParentObject: {fileID: 0}
  m_PrefabInternal: {fileID: 100100000}
  m_GameObject: {fileID: 192014}
  m_LocalRotation: {x: 2.38981777e-08, y: 1.78368573e-08, z: .569610119, w: .82191503}
  m_LocalPosition: {x: -.113609314, y: 0, z: 4.76837148e-09}
  m_LocalScale: {x: .999999881, y: .999999881, z: 1}
  m_Children:
  - {fileID: 492022}
  m_Father: {fileID: 492012}
  m_RootOrder: 0
--- !u!4 &492016
Transform:
  m_ObjectHideFlags: 1
  m_PrefabParentObject: {fileID: 0}
  m_PrefabInternal: {fileID: 100100000}
  m_GameObject: {fileID: 192016}
  m_LocalRotation: {x: -.707106829, y: 0, z: -0, w: .707106829}
  m_LocalPosition: {x: 0, y: 0, z: 0}
  m_LocalScale: {x: 1, y: 1, z: 1}
  m_Children: []
  m_Father: {fileID: 492000}
  m_RootOrder: 1
--- !u!4 &492018
Transform:
  m_ObjectHideFlags: 1
  m_PrefabParentObject: {fileID: 0}
  m_PrefabInternal: {fileID: 100100000}
  m_GameObject: {fileID: 192018}
  m_LocalRotation: {x: 4.65661287e-10, y: 6.9388939e-18, z: 1.49011612e-08, w: 1}
  m_LocalPosition: {x: -.0902555063, y: -7.62939436e-08, z: 1.90734859e-08}
  m_LocalScale: {x: 1, y: 1, z: 1}
  m_Children: []
  m_Father: {fileID: 491994}
  m_RootOrder: 0
--- !u!4 &492020
Transform:
  m_ObjectHideFlags: 1
  m_PrefabParentObject: {fileID: 0}
  m_PrefabInternal: {fileID: 100100000}
  m_GameObject: {fileID: 192020}
  m_LocalRotation: {x: -9.31322797e-10, y: 9.48784873e-09, z: 7.4505806e-09, w: 1}
  m_LocalPosition: {x: -.0902555063, y: 7.62939436e-08, z: 9.53674295e-09}
  m_LocalScale: {x: 1, y: 1, z: 1}
  m_Children: []
  m_Father: {fileID: 492006}
  m_RootOrder: 0
--- !u!4 &492022
Transform:
  m_ObjectHideFlags: 1
  m_PrefabParentObject: {fileID: 0}
  m_PrefabInternal: {fileID: 100100000}
  m_GameObject: {fileID: 192022}
  m_LocalRotation: {x: 1.0842023e-19, y: -1.16415336e-10, z: 9.31322686e-10, w: 1}
  m_LocalPosition: {x: -.0808822736, y: 0, z: 4.76837148e-09}
  m_LocalScale: {x: 1, y: 1, z: 1}
  m_Children: []
  m_Father: {fileID: 492014}
  m_RootOrder: 0
--- !u!4 &492024
Transform:
  m_ObjectHideFlags: 1
  m_PrefabParentObject: {fileID: 0}
  m_PrefabInternal: {fileID: 100100000}
  m_GameObject: {fileID: 192024}
  m_LocalRotation: {x: -.0554683059, y: -.025413448, z: -.0963433832, w: .99347645}
  m_LocalPosition: {x: -.193079293, y: -9.25064057e-07, z: 1.26659865e-08}
  m_LocalScale: {x: 1.00000024, y: 1.00000024, z: 1}
  m_Children:
  - {fileID: 492004}
  - {fileID: 492002}
  - {fileID: 491992}
  m_Father: {fileID: 492026}
  m_RootOrder: 0
--- !u!4 &492026
Transform:
  m_ObjectHideFlags: 1
  m_PrefabParentObject: {fileID: 0}
  m_PrefabInternal: {fileID: 100100000}
  m_GameObject: {fileID: 192026}
  m_LocalRotation: {x: .0174225681, y: .00103989139, z: -.0594115108, w: .998080969}
  m_LocalPosition: {x: -.212544516, y: -4.24385064e-07, z: 1.41991627e-08}
  m_LocalScale: {x: 1.04626215, y: 1, z: 1}
  m_Children:
  - {fileID: 492024}
  m_Father: {fileID: 492028}
  m_RootOrder: 0
--- !u!4 &492028
Transform:
  m_ObjectHideFlags: 1
  m_PrefabParentObject: {fileID: 0}
  m_PrefabInternal: {fileID: 100100000}
  m_GameObject: {fileID: 192028}
  m_LocalRotation: {x: 2.0674756e-16, y: 1.76777407e-15, z: -.0539796501, w: .99854207}
  m_LocalPosition: {x: -.249923855, y: 7.15255721e-09, z: 1.67941803e-08}
  m_LocalScale: {x: 1, y: 1, z: 1}
  m_Children:
  - {fileID: 492026}
  m_Father: {fileID: 492030}
  m_RootOrder: 0
--- !u!4 &492030
Transform:
  m_ObjectHideFlags: 1
  m_PrefabParentObject: {fileID: 0}
  m_PrefabInternal: {fileID: 100100000}
  m_GameObject: {fileID: 192030}
  m_LocalRotation: {x: 2.6032284e-11, y: -1.38167082e-12, z: -.0532048158, w: .998583615}
  m_LocalPosition: {x: -.309441775, y: 0, z: 2.06741877e-08}
  m_LocalScale: {x: 1, y: 1, z: 1}
  m_Children:
  - {fileID: 492028}
  m_Father: {fileID: 492032}
  m_RootOrder: 0
--- !u!4 &492032
Transform:
  m_ObjectHideFlags: 1
  m_PrefabParentObject: {fileID: 0}
  m_PrefabInternal: {fileID: 100100000}
  m_GameObject: {fileID: 192032}
  m_LocalRotation: {x: -.4436149, y: .550641298, z: -.4436149, w: .550641298}
  m_LocalPosition: {x: 0, y: 0, z: -.0445819087}
  m_LocalScale: {x: .986429572, y: 1.000072, z: 1}
  m_Children:
  - {fileID: 492030}
  m_Father: {fileID: 492000}
  m_RootOrder: 0
--- !u!4 &494900
Transform:
  m_ObjectHideFlags: 1
  m_PrefabParentObject: {fileID: 0}
  m_PrefabInternal: {fileID: 100100000}
  m_GameObject: {fileID: 194900}
  m_LocalRotation: {x: 0, y: 0, z: 0, w: 1}
  m_LocalPosition: {x: 0, y: .779999971, z: 0}
  m_LocalScale: {x: .0938078314, y: .0938077793, z: .0938077793}
  m_Children: []
  m_Father: {fileID: 456212}
  m_RootOrder: 0
--- !u!54 &5456160
Rigidbody:
  m_ObjectHideFlags: 1
  m_PrefabParentObject: {fileID: 0}
  m_PrefabInternal: {fileID: 100100000}
  m_GameObject: {fileID: 156212}
  serializedVersion: 2
  m_Mass: 1
  m_Drag: 0
  m_AngularDrag: .0500000007
  m_UseGravity: 0
  m_IsKinematic: 1
  m_Interpolate: 0
  m_Constraints: 0
  m_CollisionDetection: 0
--- !u!95 &9556160
Animator:
  serializedVersion: 3
  m_ObjectHideFlags: 1
  m_PrefabParentObject: {fileID: 0}
  m_PrefabInternal: {fileID: 100100000}
  m_GameObject: {fileID: 156200}
  m_Enabled: 1
  m_Avatar: {fileID: 9000000, guid: bd7f44bcc7a3bf240babbac2334d8560, type: 3}
  m_Controller: {fileID: 9100000, guid: 3b65b9111131f3b479ef30cd14abb352, type: 2}
  m_CullingMode: 1
  m_UpdateMode: 0
  m_ApplyRootMotion: 1
  m_HasTransformHierarchy: 1
  m_AllowConstantClipSamplingOptimization: 1
--- !u!95 &9591992
Animator:
  serializedVersion: 3
  m_ObjectHideFlags: 1
  m_PrefabParentObject: {fileID: 0}
  m_PrefabInternal: {fileID: 100100000}
  m_GameObject: {fileID: 192000}
  m_Enabled: 1
  m_Avatar: {fileID: 9000000, guid: bd7f44bcc7a3bf240babbac2334d8560, type: 3}
  m_Controller: {fileID: 9100000, guid: 3b65b9111131f3b479ef30cd14abb352, type: 2}
  m_CullingMode: 1
  m_UpdateMode: 0
  m_ApplyRootMotion: 1
  m_HasTransformHierarchy: 1
  m_AllowConstantClipSamplingOptimization: 1
--- !u!114 &11456160
MonoBehaviour:
  m_ObjectHideFlags: 1
  m_PrefabParentObject: {fileID: 0}
  m_PrefabInternal: {fileID: 100100000}
  m_GameObject: {fileID: 156200}
  m_Enabled: 1
  m_EditorHideFlags: 0
  m_Script: {fileID: 11500000, guid: 568bc0ee0cdf8324593a205fc4303cc0, type: 3}
  m_Name: 
  m_EditorClassIdentifier: 
  audioName: 0
  idleSound: 1
--- !u!114 &11456162
MonoBehaviour:
  m_ObjectHideFlags: 1
  m_PrefabParentObject: {fileID: 0}
  m_PrefabInternal: {fileID: 100100000}
  m_GameObject: {fileID: 156200}
  m_Enabled: 1
  m_EditorHideFlags: 0
  m_Script: {fileID: 11500000, guid: 12ead95211a74b64190953227226cee5, type: 3}
  m_Name: 
  m_EditorClassIdentifier: 
--- !u!114 &11456164
MonoBehaviour:
  m_ObjectHideFlags: 1
  m_PrefabParentObject: {fileID: 0}
  m_PrefabInternal: {fileID: 100100000}
  m_GameObject: {fileID: 156210}
  m_Enabled: 1
  m_EditorHideFlags: 0
  m_Script: {fileID: 11500000, guid: a6682c08d09b29f4483ea71f5917282a, type: 3}
  m_Name: 
  m_EditorClassIdentifier: 
  mainActor: {fileID: 156212}
  spots: []
  availablesSpots: 
  passantsInRange: []
--- !u!114 &11456166
MonoBehaviour:
  m_ObjectHideFlags: 1
  m_PrefabParentObject: {fileID: 0}
  m_PrefabInternal: {fileID: 100100000}
  m_GameObject: {fileID: 156212}
  m_Enabled: 1
  m_EditorHideFlags: 0
  m_Script: {fileID: 11500000, guid: fdc7d4d9e1e52144d9bfd6640a3062f8, type: 3}
  m_Name: 
  m_EditorClassIdentifier: 
  type: 1
  soundEvent: 
--- !u!114 &11456168
MonoBehaviour:
  m_ObjectHideFlags: 1
  m_PrefabParentObject: {fileID: 0}
  m_PrefabInternal: {fileID: 100100000}
  m_GameObject: {fileID: 156212}
  m_Enabled: 1
  m_EditorHideFlags: 0
  m_Script: {fileID: 11500000, guid: 5c336472b3d96a74bbc38a518b234833, type: 3}
  m_Name: 
  m_EditorClassIdentifier: 
  fragment: {fileID: 0}
  switchName: mus
--- !u!114 &11456170
MonoBehaviour:
  m_ObjectHideFlags: 1
  m_PrefabParentObject: {fileID: 0}
  m_PrefabInternal: {fileID: 100100000}
  m_GameObject: {fileID: 156212}
  m_Enabled: 1
  m_EditorHideFlags: 0
  m_Script: {fileID: 11500000, guid: d8aace19647bc9549af5b7eef099920d, type: 3}
  m_Name: 
  m_EditorClassIdentifier: 
  soundTimer: 0
  minEndSoundTimer: 10
  maxEndSoundTimer: 15
  endSoundTimer: 0
  waitTimer: 0
  minEndWaitTimer: 25
  maxEndWaitTimer: 30
  endWaitTimer: 0
  danceTimer: 0
  endDanceTimer: 10
  fragmentBubble: {fileID: 11494900}
  defaultMaterial: {fileID: 2100000, guid: 98f8dadebf879154b83095b8a28f133f, type: 2}
  elecMaterial: {fileID: 2100000, guid: 83cf46ab03485824ea3ce7b547f4e0fe, type: 2}
  liquidMaterial: {fileID: 2100000, guid: 70653af5573a1004da09e3017a8588a7, type: 2}
  metalMaterial: {fileID: 2100000, guid: 3def0c79b90e1bb4c94bc09168cf9785, type: 2}
  urbanMaterial: {fileID: 2100000, guid: 975e908b9dba3104bae96667055122d6, type: 2}
  woodMaterial: {fileID: 2100000, guid: 0edef5274a4966743acb12077a8c444e, type: 2}
  targets: []
  previousTarget: {fileID: 0}
  buildings:
  - {fileID: 0}
  - {fileID: 0}
  scene: {fileID: 0}
  isFragmentComplete: 0
--- !u!114 &11456172
MonoBehaviour:
  m_ObjectHideFlags: 1
  m_PrefabParentObject: {fileID: 0}
  m_PrefabInternal: {fileID: 100100000}
  m_GameObject: {fileID: 156212}
  m_Enabled: 1
  m_EditorHideFlags: 0
  m_Script: {fileID: 157053555, guid: 9fa2ecd1ff2ad394281dd3bf72c5b76e, type: 3}
  m_Name: 
  m_EditorClassIdentifier: 
  _dataSerializer:
    _serializedData: <component version="1.3" type="RAIN.Core.AIRig"><fields><field
      value="OnWhenSelected" type="RAIN.Core.VisualModeEnum" id="_visualMode" /><field
      value="True" type="System.Boolean" id="_useUnityMessages" /><field value="False"
      type="System.Boolean" id="_useFixedUpdate" /><field type="RAIN.Core.AI" reference="0"
      id="_ai" /></fields><references><reference type="RAIN.Core.AI" refcount="1"
      id="0"><field value="True" type="System.Boolean" id="_isActive" /><field type="UnityEngine.GameObject"
      id="_body" gameobject="0" /><field type="RAIN.Memory.BasicMemory" reference="1"
      id="_workingMemory" childrenvisible="False" /><field type="RAIN.Minds.BasicMind"
      reference="2" id="_mind" childrenvisible="True" /><field type="RAIN.Motion.BasicMotor"
      reference="3" id="_motor" childrenvisible="False" /><field type="RAIN.Animation.BasicAnimator"
      reference="4" id="_animator" childrenvisible="False" /><field type="RAIN.Navigation.BasicNavigator"
      reference="5" id="_navigator" childrenvisible="False" /><field type="RAIN.Perception.BasicSenses"
      reference="6" id="_senses" childrenvisible="False" /><field type="System.Collections.Generic.List"
      id="_customElements" elementtype="RAIN.Core.CustomAIElement" childrenvisible="False"
      /></reference><reference type="RAIN.Memory.BasicMemory" refcount="1" id="1"><field
      type="System.Collections.Generic.List" id="_memoryItems" elementtype="RAIN.Memory.BasicMemory+MemoryItem"><field
      type="RAIN.Memory.BasicMemory+MemoryItem" reference="7" id="element0" /><field
      type="RAIN.Memory.BasicMemory+MemoryItem" reference="8" id="element1" /><field
      type="RAIN.Memory.BasicMemory+MemoryItem" reference="9" id="element2" /><field
      type="RAIN.Memory.BasicMemory+MemoryItem" reference="10" id="element3" /><field
      type="RAIN.Memory.BasicMemory+MemoryItem" reference="11" id="element4" /><field
      type="RAIN.Memory.BasicMemory+MemoryItem" reference="12" id="element5" /><field
      type="RAIN.Memory.BasicMemory+MemoryItem" reference="13" id="element6" /><field
      type="RAIN.Memory.BasicMemory+MemoryItem" reference="14" id="element7" /><field
      type="RAIN.Memory.BasicMemory+MemoryItem" reference="15" id="element8" /></field></reference><reference
      type="RAIN.Minds.BasicMind" refcount="1" id="2"><field type="RAIN.BehaviorTrees.BTAsset"
      id="_behaviorTreeAsset" gameobject="1" /><field type="System.Collections.Generic.List"
      id="_behaviorTreeBindings" elementtype="RAIN.BehaviorTrees.BTAssetBinding" /></reference><reference
      type="RAIN.Motion.BasicMotor" refcount="1" id="3"><field value="2" type="System.Single"
      id="_speed" /><field value="360" type="System.Single" id="_rotationSpeed" /><field
      value="0.1" type="System.Single" id="_closeEnoughDistance" /><field value="0.1"
      type="System.Single" id="_closeEnoughAngle" /><field value="360" type="System.Single"
      id="_faceBeforeMoveAngle" /><field value="1" type="System.Single" id="_maxHeightOffset"
      /><field value="False" type="System.Boolean" id="_allow3DMovement" /><field
      value="False" type="System.Boolean" id="_allow3DRotation" /><field value="True"
      type="System.Boolean" id="_allowOffGraphMovement" /></reference><reference type="RAIN.Animation.BasicAnimator"
      refcount="1" id="4"><field type="System.Collections.Generic.List" id="_animationStates"
      elementtype="RAIN.Animation.BasicAnimator+BasicAnimatorState" /></reference><reference
      type="RAIN.Navigation.BasicNavigator" refcount="1" id="5"><field value="False"
      type="System.Boolean" id="_drawPaths" /><field value="0,1,0,1" type="UnityEngine.Color"
      id="_pathColor" /><field value="-0.5" type="System.Single" id="_outlineColorOffset"
      /><field value="100" type="System.Int32" id="_maxPathfindingSteps" /><field
      value="0" type="System.Single" id="_maxPathLength" /><field type="System.Collections.Generic.List"
      id="_graphTags" elementtype="System.String" /></reference><reference type="RAIN.Perception.BasicSenses"
      refcount="1" id="6"><field type="System.Collections.Generic.List" id="_sensors"
      elementtype="RAIN.Perception.Sensors.RAINSensor" /></reference><reference type="RAIN.Memory.BasicMemory+MemoryItem"
      refcount="1" id="7"><field value="target" type="System.String" id="Key" /><field
      value="UnityEngine.GameObject" type="System.Type" id="ValueType" /><field value=""
      type="System.Object" id="Value" gameobject="-1" /></reference><reference type="RAIN.Memory.BasicMemory+MemoryItem"
      refcount="1" id="8"><field value="lookAtTarget" type="System.String" id="Key"
      /><field value="UnityEngine.GameObject" type="System.Type" id="ValueType" /><field
      value="" type="System.Object" id="Value" /></reference><reference type="RAIN.Memory.BasicMemory+MemoryItem"
      refcount="1" id="9"><field value="playerIsInRange" type="System.String" id="Key"
      /><field value="System.Boolean" type="System.Type" id="ValueType" /><field value="False"
      type="System.Boolean" id="Value" /></reference><reference type="RAIN.Memory.BasicMemory+MemoryItem"
      refcount="1" id="10"><field value="isFragmentComplete" type="System.String"
      id="Key" /><field value="System.Boolean" type="System.Type" id="ValueType" /><field
      value="False" type="System.Boolean" id="Value" /></reference><reference type="RAIN.Memory.BasicMemory+MemoryItem"
      refcount="1" id="11"><field value="isDancing" type="System.String" id="Key"
      /><field value="System.Boolean" type="System.Type" id="ValueType" /><field value="False"
      type="System.Boolean" id="Value" /></reference><reference type="RAIN.Memory.BasicMemory+MemoryItem"
      refcount="1" id="12"><field value="moving" type="System.String" id="Key" /><field
      value="System.Boolean" type="System.Type" id="ValueType" /><field value="False"
      type="System.Boolean" id="Value" /></reference><reference type="RAIN.Memory.BasicMemory+MemoryItem"
      refcount="1" id="13"><field value="destinationReached" type="System.String"
      id="Key" /><field value="System.Boolean" type="System.Type" id="ValueType" /><field
      value="True" type="System.Boolean" id="Value" /></reference><reference type="RAIN.Memory.BasicMemory+MemoryItem"
      refcount="1" id="14"><field value="waitTimerHasEnded" type="System.String" id="Key"
      /><field value="System.Boolean" type="System.Type" id="ValueType" /><field value="True"
      type="System.Boolean" id="Value" /></reference><reference type="RAIN.Memory.BasicMemory+MemoryItem"
      refcount="1" id="15"><field value="soundTimerHasEnded" type="System.String"
      id="Key" /><field value="System.Boolean" type="System.Type" id="ValueType" /><field
      value="False" type="System.Boolean" id="Value" /></reference></references></component>
    _serializedGameObjects:
    - {fileID: 156212}
    - {fileID: 11400000, guid: d2ce82ac033316442b3b4371f91c64de, type: 2}
    - {fileID: 0}
    _serializedCustomData: []
--- !u!114 &11456174
MonoBehaviour:
  m_ObjectHideFlags: 1
  m_PrefabParentObject: {fileID: 0}
  m_PrefabInternal: {fileID: 100100000}
  m_GameObject: {fileID: 156214}
  m_Enabled: 1
  m_EditorHideFlags: 0
  m_Script: {fileID: 11500000, guid: 53d1331ac52b26045b9207bbb5ac3b0b, type: 3}
  m_Name: 
  m_EditorClassIdentifier: 
  npc: {fileID: 11456170}
--- !u!114 &11491992
MonoBehaviour:
  m_ObjectHideFlags: 1
  m_PrefabParentObject: {fileID: 0}
  m_PrefabInternal: {fileID: 100100000}
  m_GameObject: {fileID: 192000}
  m_Enabled: 1
  m_EditorHideFlags: 0
  m_Script: {fileID: 11500000, guid: 568bc0ee0cdf8324593a205fc4303cc0, type: 3}
  m_Name: 
  m_EditorClassIdentifier: 
  audioName: 0
  idleSound: 1
--- !u!114 &11491994
MonoBehaviour:
  m_ObjectHideFlags: 1
  m_PrefabParentObject: {fileID: 0}
  m_PrefabInternal: {fileID: 100100000}
  m_GameObject: {fileID: 192000}
  m_Enabled: 1
  m_EditorHideFlags: 0
  m_Script: {fileID: 11500000, guid: 12ead95211a74b64190953227226cee5, type: 3}
  m_Name: 
  m_EditorClassIdentifier: 
--- !u!114 &11494898
MonoBehaviour:
  m_ObjectHideFlags: 1
  m_PrefabParentObject: {fileID: 0}
  m_PrefabInternal: {fileID: 100100000}
  m_GameObject: {fileID: 194900}
  m_Enabled: 1
  m_EditorHideFlags: 0
  m_Script: {fileID: 11500000, guid: 60907b09ce17f12488e4a8d5db0b3792, type: 3}
  m_Name: 
  m_EditorClassIdentifier: 
--- !u!114 &11494900
MonoBehaviour:
  m_ObjectHideFlags: 1
  m_PrefabParentObject: {fileID: 0}
  m_PrefabInternal: {fileID: 100100000}
  m_GameObject: {fileID: 194900}
  m_Enabled: 1
  m_EditorHideFlags: 0
  m_Script: {fileID: 11500000, guid: f7952ad476789d34cbacf3d925bc7136, type: 3}
  m_Name: 
  m_EditorClassIdentifier: 
  sprites:
  - {fileID: 21300000, guid: 5ca32d9e0a2fdfc41bb6437e347cc044, type: 3}
  - {fileID: 21300000, guid: ee0901d9325e58b4a828eca7f7d16806, type: 3}
  - {fileID: 21300000, guid: 648c5f50b95c0b04981f84d3f0317a11, type: 3}
  - {fileID: 21300000, guid: b3dc3e2d87aff8c4e8bbbe352d751b2b, type: 3}
  - {fileID: 21300000, guid: 836c72ab64501094fbb6ef95860fe63e, type: 3}
  spriteRenderer: {fileID: 21294900}
  timer: 0
  fadeInTile: 2
  waitTime: 2
  fadeOutTime: 2
  fadeIn: 0
  wait: 0
  fadeOut: 0
--- !u!135 &13556160
SphereCollider:
  m_ObjectHideFlags: 1
  m_PrefabParentObject: {fileID: 0}
  m_PrefabInternal: {fileID: 100100000}
  m_GameObject: {fileID: 156210}
  m_Material: {fileID: 0}
  m_IsTrigger: 1
  m_Enabled: 1
  serializedVersion: 2
  m_Radius: .5
  m_Center: {x: 0, y: 0, z: 0}
--- !u!135 &13556162
SphereCollider:
  m_ObjectHideFlags: 1
  m_PrefabParentObject: {fileID: 0}
  m_PrefabInternal: {fileID: 100100000}
  m_GameObject: {fileID: 156214}
  m_Material: {fileID: 0}
  m_IsTrigger: 1
  m_Enabled: 1
  serializedVersion: 2
  m_Radius: 4
  m_Center: {x: 0, y: 0, z: 0}
--- !u!136 &13656160
CapsuleCollider:
  m_ObjectHideFlags: 1
  m_PrefabParentObject: {fileID: 0}
  m_PrefabInternal: {fileID: 100100000}
  m_GameObject: {fileID: 156212}
  m_Material: {fileID: 0}
  m_IsTrigger: 1
  m_Enabled: 1
  m_Radius: .5
  m_Height: 1
  m_Direction: 1
  m_Center: {x: 0, y: 0, z: 0}
--- !u!137 &13756160
SkinnedMeshRenderer:
  m_ObjectHideFlags: 1
  m_PrefabParentObject: {fileID: 0}
  m_PrefabInternal: {fileID: 100100000}
  m_GameObject: {fileID: 156196}
  m_Enabled: 1
  m_CastShadows: 1
  m_ReceiveShadows: 1
  m_LightmapIndex: 255
  m_LightmapTilingOffset: {x: 1, y: 1, z: 0, w: 0}
  m_Materials:
  - {fileID: 2100000, guid: 98f8dadebf879154b83095b8a28f133f, type: 2}
  m_SubsetIndices: 
  m_StaticBatchRoot: {fileID: 0}
  m_UseLightProbes: 0
  m_LightProbeAnchor: {fileID: 0}
  m_ScaleInLightmap: 1
  m_SortingLayerID: 0
  m_SortingOrder: 0
  serializedVersion: 2
  m_Quality: 0
  m_UpdateWhenOffscreen: 0
  m_Mesh: {fileID: 4300000, guid: bd7f44bcc7a3bf240babbac2334d8560, type: 3}
  m_Bones:
  - {fileID: 456198}
  - {fileID: 456194}
  - {fileID: 456192}
  - {fileID: 456190}
  - {fileID: 456188}
  - {fileID: 456186}
  - {fileID: 456180}
  - {fileID: 456184}
  - {fileID: 456172}
  - {fileID: 456176}
  - {fileID: 456178}
  - {fileID: 456182}
  - {fileID: 456166}
  - {fileID: 456162}
  - {fileID: 456164}
  m_BlendShapeWeights: []
  m_RootBone: {fileID: 456198}
  m_AABB:
    m_Center: {x: -.688918769, y: .0614058077, z: -.0164493918}
    m_Extent: {x: .75302726, y: .345070869, z: .779045939}
  m_DirtyAABB: 0
--- !u!137 &13791992
SkinnedMeshRenderer:
  m_ObjectHideFlags: 1
  m_PrefabParentObject: {fileID: 0}
  m_PrefabInternal: {fileID: 100100000}
  m_GameObject: {fileID: 192016}
  m_Enabled: 1
  m_CastShadows: 1
  m_ReceiveShadows: 1
  m_LightmapIndex: 255
  m_LightmapTilingOffset: {x: 1, y: 1, z: 0, w: 0}
  m_Materials:
  - {fileID: 2100000, guid: fc883329e2449ef4d939015809b4ebd8, type: 2}
  m_SubsetIndices: 
  m_StaticBatchRoot: {fileID: 0}
  m_UseLightProbes: 0
  m_LightProbeAnchor: {fileID: 0}
  m_ScaleInLightmap: 1
  m_SortingLayerID: 0
  m_SortingOrder: 0
  serializedVersion: 2
  m_Quality: 0
  m_UpdateWhenOffscreen: 0
  m_Mesh: {fileID: 4300000, guid: c52c9d1594cbe544888789076f27531f, type: 3}
  m_Bones:
  - {fileID: 492032}
  - {fileID: 492030}
  - {fileID: 492028}
  - {fileID: 492026}
  - {fileID: 492024}
  - {fileID: 492004}
  - {fileID: 492010}
  - {fileID: 492002}
  - {fileID: 492012}
  - {fileID: 492006}
  - {fileID: 492008}
  - {fileID: 491992}
  - {fileID: 491998}
  - {fileID: 491994}
  - {fileID: 491996}
  m_BlendShapeWeights: []
  m_RootBone: {fileID: 492032}
  m_AABB:
    m_Center: {x: -.688918769, y: .0614058077, z: -.0164493918}
    m_Extent: {x: .75302726, y: .345070869, z: .779045939}
  m_DirtyAABB: 0
--- !u!195 &19556160
NavMeshAgent:
  m_ObjectHideFlags: 1
  m_PrefabParentObject: {fileID: 0}
  m_PrefabInternal: {fileID: 100100000}
  m_GameObject: {fileID: 156212}
  m_Enabled: 1
  m_Radius: .500000119
  m_Speed: 2.5
  m_Acceleration: 8
  avoidancePriority: 50
  m_AngularSpeed: 120
  m_StoppingDistance: 0
  m_AutoTraverseOffMeshLink: 1
  m_AutoBraking: 1
  m_AutoRepath: 1
  m_Height: 2
  m_BaseOffset: 1
  m_WalkableMask: 4294967295
  m_ObstacleAvoidanceType: 4
--- !u!212 &21294900
SpriteRenderer:
  m_ObjectHideFlags: 1
  m_PrefabParentObject: {fileID: 0}
  m_PrefabInternal: {fileID: 100100000}
  m_GameObject: {fileID: 194900}
  m_Enabled: 1
  m_CastShadows: 0
  m_ReceiveShadows: 0
  m_LightmapIndex: 255
  m_LightmapTilingOffset: {x: 1, y: 1, z: 0, w: 0}
  m_Materials:
  - {fileID: 10754, guid: 0000000000000000e000000000000000, type: 0}
  m_SubsetIndices: 
  m_StaticBatchRoot: {fileID: 0}
  m_UseLightProbes: 0
  m_LightProbeAnchor: {fileID: 0}
  m_ScaleInLightmap: 1
  m_SortingLayerID: 0
  m_SortingOrder: 0
  m_Sprite: {fileID: 21300000, guid: b3dc3e2d87aff8c4e8bbbe352d751b2b, type: 3}
  m_Color: {r: 1, g: 1, b: 1, a: 1}
--- !u!1001 &100100000
Prefab:
  m_ObjectHideFlags: 1
  serializedVersion: 2
  m_Modification:
    m_TransformParent: {fileID: 0}
    m_Modifications: []
    m_RemovedComponents: []
  m_ParentPrefab: {fileID: 0}
  m_RootGameObject: {fileID: 156212}
  m_IsPrefabParent: 1
  m_IsExploded: 1
